2858 4824
419 356 461 410 De
481 357 617 410 Abraham
636 357 663 410 ΙΙ
682 358 708 421 4,
729 358 771 410 17.
792 358 825 410 18
863 358 887 423 (Ι
906 357 959 412 320
978 356 1079 428 A-r).
1253 363 1316 426 577

172 553 210 617 de
229 553 345 617 finibus
366 573 518 618 sensuum
537 572 690 617 meorum.
716 573 839 618 recurre
860 554 921 618 cito
943 573 977 617 eo
998 554 1080 618 unde
1105 553 1232 621 uenisti.
1256 574 1317 618 uon
1343 563 1364 620 C

173 661 315 726 sustineo
344 662 554 743 praesentiam
582 665 683 738 tuam,
718 661 851 745 adfligor
883 661 1034 745 grauibus
1068 662 1318 742 quaestionibus,

80 763 124 824 18
172 767 248 832 dum
270 768 436 832 tenendam
461 771 492 831 te
516 768 658 846 arbitror,
684 786 777 850 quam
801 773 906 833 tenere
929 789 990 833 non
1013 769 1169 852 possum.³
1192 788 1320 833 conuer-

173 895 228 939 sus
257 875 367 939 deinde
396 875 435 939 ad
464 876 601 957 aliquem
628 875 817 940 monitorem
847 876 907 952 sui,
932 875 988 956 qui
1013 876 1172 940 studuerit
1194 876 1226 939 iu
1251 875 1319 939 eius

143 1004 155 1040 s
173 985 310 1046 mentem
324 982 471 1046 inducero
488 983 729 1046 adsuetudinem
747 981 952 1046 castimoniae
969 982 1108 1065 allegans
1119 1002 1180 1046 uon
1191 982 1320 1046 arduam

173 1089 238 1153 fore
266 1109 322 1153 nec
349 1089 579 1172 inpossibilem,
605 1090 660 1152 sed
684 1089 829 1172 pluribus
854 1089 984 1164 sociam,
1009 1089 1176 1153 finitimam
1201 1089 1319 1154 studio-

174 1198 229 1271 sis,
260 1197 497 1261 conueuientem
525 1197 715 1261 uoluntariis
744 1196 831 1279 ‘quid
859 1196 930 1260 hoc'
953 1197 1058 1278 inquit
1080 1197 1196 1261 ‘fecisti
1219 1197 1319 1261 milri?

175 1323 268 1385 quare
287 1322 348 1368 non
369 1303 476 1367 dixisti
494 1303 573 1366 mihi
593 1303 666 1384 quia
685 1305 836 1367 uxortua
856 1305 937 1368 est?'
950 1342 993 1349 —
1008 1304 1068 1368 hoc
1089 1307 1147 1380 est,
1164 1324 1244 1385 quae
1259 1323 1320 1368 non
1339 1313 1365 1366 D

173 1410 393 1492 perfunctorie,
418 1410 474 1474 sed
497 1410 641 1494 legitimo
665 1412 811 1473 teneatur
834 1410 994 1493 coniugio,
1017 1410 1185 1474 maximam
1214 1430 1321 1475 secum

131 1536 156 1572 10
176 1518 270 1580 uehat
298 1516 414 1591 dotem,
443 1536 525 1599 quae
549 1515 680 1580 inuehat
704 1517 813 1600 grauia
837 1535 930 1580 onera
953 1515 1145 1580 matrimonii
1170 1519 1201 1579 et
1226 1517 1321 1581 durae

173 1625 284 1688 faenus
308 1624 538 1688 coniunctionis
553 1662 606 1699 —,
624 1623 691 1687 ‘sed
715 1623 823 1687 dixisti
846 1642 995 1700 sororem,
1020 1623 1117 1687 nullis
1137 1622 1321 1687 adstrictam

174 1731 299 1814 legibus
325 1733 357 1794 et
378 1734 508 1794 naturae
533 1731 662 1806 sociam,
686 1749 748 1792 non
772 1729 839 1793 iure
864 1730 970 1812 aliquo
995 1730 1112 1795 dotalis
1137 1748 1250 1793 census
1271 1748 1322 1793 su-

175 1838 302 1919 perbam
331 1857 367 1901 ac
390 1840 562 1919 potentem.
597 1837 704 1918 itaque
729 1836 900 1919 inprudens
925 1856 1056 1901 onerum
1080 1837 1149 1900 eius
1174 1836 1321 1917 copulau-

176 1943 248 2007 dam
271 1944 350 2007 mihi
375 1963 444 2008 eam
473 1947 505 2008 ct
532 1943 726 2007 retinendam
755 1946 951 2023 putaueram.
981 1943 1036 2007 sed
1064 1943 1205 2007 intellexi
1238 1944 1322 2024 quod

132 2075 157 2112 15
175 2049 299 2132 pondus
324 2050 367 2113 sit
388 2051 420 2112 in
445 2069 480 2112 ea
505 2052 536 2112 et
560 2050 690 2114 sarcina.
716 2069 787 2114 ecce
812 2051 977 2115 mulierem
1000 2054 1099 2127 tuam,
1124 2050 1157 2115 id
1181 2053 1231 2114 est
1249 2059 1366 2114 ccccl}

176 2156 338 2237 persuasio
367 2160 423 2220 tua
451 2159 522 2220 ante
551 2159 593 2233 te,
623 2157 729 2239 accipe
759 2161 790 2221 et
816 2176 950 2221 recurre.
985 2159 1059 2222 nolo
1087 2161 1159 2222 ante
1187 2177 1237 2221 me
1270 2158 1321 2233 sit,

176 2263 247 2326 nolo
272 2262 303 2326 in
327 2263 407 2326 meis
432 2262 689 2348 cogitationibus.
722 2264 799 2326 tolle
827 2265 858 2325 te
887 2263 960 2327 hinc
984 2283 1057 2327 cunr
1080 2263 1145 2327 tuis
1170 2263 1322 2340 consiliis,

178 2389 249 2433 cum
273 2373 330 2433 tua
353 2370 575 2447 admonitione,
601 2370 663 2434 cito
687 2369 776 2447 tolle,
801 2370 863 2433 cito
882 2388 1020 2434 recurre:
1045 2389 1149 2433 moras
1169 2373 1241 2432 tuas
1261 2389 1322 2434 non

177 2476 253 2553 fero,
273 2476 469 2541 adflictiones
490 2480 565 2540 sunt
583 2476 675 2539 mihi:
697 2477 775 2541 satis
796 2476 948 2558 estquod
968 2479 1041 2540 auto
1060 2475 1211 2558 deceptus
1232 2483 1323 2540 sum)

135 2586 213 2647 2061
239 2583 329 2647 misit
355 2584 499 2648 alumnos
528 2603 615 2661 suos,
644 2584 760 2665 quibus
788 2587 924 2666 uagatur
951 2584 1137 2667 plerumque
1167 2603 1255 2647 mens
1278 2583 1323 2645 in-

175 2691 410 2772 temperantior,
439 2693 573 2755 uoluens
602 2692 706 2755 animo
736 2691 944 2774 cogitationes
973 2692 1113 2755 luxuriae
1142 2689 1322 2754 ambitionis

177 2797 328 2862 auaritiae
357 2801 388 2862 et
417 2798 559 2862 diuersas
586 2798 761 2862 inlecebras
791 2798 961 2874 offendens,
990 2802 1027 2862 ut
1059 2798 1256 2862 eliminarent
1288 2815 1323 2860 ac

175 2903 269 2989 longe
298 2905 508 2988 propellerent
536 2905 766 2981 castimoniam,
796 2924 834 2968 ne
862 2924 1025 2969 recursum
1053 2906 1173 2969 faceret
1203 2904 1235 2968 in
1269 2913 1368 2967 eosl'

177 3010 265 3078 fines.
291 3013 405 3093 quibus
429 3014 532 3077 fuerat
556 3013 695 3095 expulsa,
720 3032 785 3094 quo
808 3031 918 3077 secura
940 3013 1003 3075 iam
1029 3015 1061 3076 et
1084 3011 1205 3075 arbitrii
1229 3010 1323 3076 serio-

133 3146 159 3184 25
178 3118 221 3181 ris
244 3118 345 3183 libera
367 3119 398 3183 in
422 3120 561 3201 peccatis
586 3120 653 3184 suis
677 3119 823 3203 redargui
846 3139 907 3183 nou
936 3119 1163 3182 reformidaret.

217 3468 323 3521 Ides.
342 3485 369 3522 u.
389 3472 436 3522 m2
454 3471 481 3522 P
559 3486 664 3522 recurre
685 3470 738 3522 cito
757 3469 841 3528 Plrc
862 3486 875 3522 c
895 3470 1011 3536 iceras.)
1090 3467 1161 3521 unde
1180 3464 1324 3519 PBunde

179 3556 231 3610 huc
250 3557 275 3609 T
292 3556 426 3612 undehic
446 3565 492 3612 cet.
548 3555 859 3627 2quaestionib.P(b.
881 3555 955 3626 cors)
1009 3556 1191 3613 3tenendom
1205 3554 1327 3608 DNOM

180 3647 196 3698 5
210 3651 277 3713 post
294 3663 347 3699 non
368 3647 476 3700 arduam
498 3648 691 3701 eademnam
708 3664 763 3700 non
777 3647 838 3700 DN
891 3644 1134 3715 8quae]quodB
1191 3644 1224 3697 10
1244 3659 1325 3696 onera

185 3733 271 3786 Tru
289 3735 434 3788 honeraD
453 3736 578 3801 (heras.)
595 3741 641 3791 oet.
698 3737 728 3789 11
749 3736 907 3789 fenusla'brc'
978 3734 1169 3800 dixistiPtsti
1188 3749 1208 3786 s.
1225 3735 1323 3796 am2)

183 3824 215 3876 12
234 3827 337 3876 naturae
356 3824 384 3876 P
400 3825 432 3893 (ae
452 3841 484 3877 ex
504 3830 529 3890 a)
606 3826 765 3878 leoncium
787 3842 933 3878 concrum
956 3825 980 3877 Τ
998 3823 1129 3877 bonorum
1147 3823 1174 3874 B
1193 3822 1324 3874 honorum

182 3917 228 3966 cet.
293 3914 327 3966 14
345 3914 491 3966 tenendam
514 3913 572 3966 TT‘
638 3915 669 3968 15
689 3914 851 3966 muliertua
871 3914 949 3966 adest
967 3914 994 3966 B
1058 3914 1091 3967 16
1112 3915 1139 3965 et
1158 3911 1247 3980 accipe
1270 3907 1328 3961 OM

218 4018 292 4054 curre
311 4000 372 4054 DN
425 4003 457 4055 17
478 4002 689 4071 cogitationibus
709 4003 746 4055 sit
764 4003 791 4054 B
862 4002 953 4054 tollite
972 4003 1033 4071 (ona
1053 4004 1093 4067 te)
1112 4001 1135 4051 Τ
1187 4000 1219 4052 19
1238 3998 1325 4051 refero

181 4091 242 4144 DN
295 4090 329 4144 20
348 4092 505 4159 plerumque
526 4095 641 4160 uagatur
659 4092 688 4144 B
749 4092 782 4144 22
802 4092 972 4144 eliminarent
990 4091 1017 4143 P
1035 4090 1055 4155 (i
1076 4090 1124 4142 ult.
1144 4105 1177 4141 ecc
1196 4089 1220 4153 a)
1295 4105 1326 4140 ac

105 4194 107 4199 '
183 4180 302 4234 ealranc
325 4181 350 4233 Τ
438 4182 472 4233 23
500 4185 682 4250 proponerent
699 4180 821 4236 DNCM
908 4183 943 4234 24
969 4179 1040 4250 quod
1063 4179 1088 4231 'I'
1176 4177 1325 4231 25101ιηί-

183 4268 278 4322 darent
296 4269 358 4322 DN
