2858 4824
573 354 790 408 Praefatio.
1180 353 1254 418 LIII

106 569 236 633 prorsus
270 550 451 615 abstineret.
485 550 587 613 multo
620 549 735 614 fortius
769 552 876 612 autem
909 568 974 611 rem
1008 549 1110 632 gessit
1142 569 1254 613 manus

108 658 205 722 altera
239 657 358 721 saeculi
390 658 435 721 XI
467 655 647 742 ineuntis,¹)
680 676 760 738 quae
787 656 878 720 16666
908 659 1082 720 atramento
1111 656 1255 719 adhibito

106 768 211 829 totum
243 764 360 827 librum
393 763 589 827 retractauit.
623 781 685 844 qua
715 763 748 825 in
780 781 813 826 re
847 766 879 826 et
907 762 1064 843 exemplar
1092 762 1255 826 deterioris

108 874 198 935 notae
228 872 339 934 secuta
367 873 416 934 est
445 873 477 933 et
504 871 622 934 multas
653 870 848 934 coniecturas
874 888 1099 952 saepenumero
1123 852 1256 932 temera-

107 979 169 1041 rias
198 976 318 1041 intulit.
352 977 430 1041 haec
458 977 558 1056 igitur
584 977 615 1039 in
646 977 835 1058 scripturam
865 976 1026 1058 antiquam
1055 979 1087 1038 61
1118 975 1256 1039 radendo

109 1088 139 1148 et
172 1083 340 1148 oblineudo
371 1084 417 1147 ita
445 1088 589 1167 grassata
617 1086 676 1160 est,
704 1087 741 1146 ut
770 1081 846 1165 quid
874 1082 949 1147 olim
979 1083 1132 1165 scriptum
1161 1083 1259 1146 fuerit

109 1191 247 1272 quidque
271 1190 309 1252 ab
335 1190 463 1271 antiquo
489 1193 663 1254 correctore
686 1190 865 1273 profectum
889 1190 932 1254 sit
954 1190 1040 1253 haud
1066 1209 1135 1254 raro
1165 1209 1256 1272 aegre

109 1295 295 1379 dinoscas.²)
329 1316 422 1378 quarn
457 1297 495 1360 ob
530 1316 595 1360 rem
628 1315 689 1360 non
721 1297 843 1361 mireris
872 1296 975 1360 multo
1005 1296 1131 1359 demum
1162 1300 1256 1378 atque
1329 1365 1332 1371 ,

108 1405 243 1488 impigro
276 1404 383 1468 labore
417 1404 563 1468 effectum
597 1423 678 1480 6666,
712 1405 837 1468 utiam
867 1406 1013 1468 accurata
1040 1404 1132 1486 plane
1160 1404 1256 1468 huius

108 1512 180 1575 libri
204 1511 326 1594 egregii
350 1511 478 1575 collatio
501 1515 610 1592 parata
634 1511 686 1576 sit.
715 1531 788 1575 nam
811 1511 932 1592 primus
957 1512 1089 1575 Ioannes
1114 1510 1257 1583 Wrobel,

109 1619 270 1700 professor
307 1617 574 1683 Ozernoviciensis
616 1637 688 1680 eum
727 1618 874 1694 excussit,
913 1617 1024 1681 deinde
1062 1636 1119 1700 ego
1158 1621 1190 1680 et
1228 1616 1261 1682 Sv

109 1726 218 1790 Reiter
252 1726 368 1789 iterum
407 1744 479 1788 eum
517 1725 721 1801 contulimus,
761 1725 894 1806 denique
931 1724 1088 1788 Henricus
1122 1723 1262 1789 Schenkl

110 1831 222 1894 multis
255 1830 347 1906 locis,
377 1830 431 1911 qui
459 1829 657 1894 obscuriores
687 1848 757 1893 6666
785 1829 984 1906 uidebantur,
1013 1830 1166 1911 inspectis
1190 1849 1257 1893 rem

110 1937 244 2020 perfecit
272 1939 366 2018 atque
393 1935 542 2000 absoluit.
567 1936 599 1998 in
622 1936 782 2001 Parisiaoo
810 1938 904 2010 1913,
930 1937 984 2018 qui
1008 1936 1125 2000 formae
1150 1936 1260 2000 oblou-

111 2063 169 2126 gae
198 2046 257 2120 661,
285 2043 433 2107 foliorum
464 2044 538 2118 286,
563 2046 636 2125 post
658 2043 830 2126 Augustini
856 2041 1117 2125 0661666166663)
1142 2062 1259 2106 sermo-

111 2169 247 2231 nemque
267 2150 304 2214 da
325 2150 432 2214 decem
458 2149 560 2213 cordis
590 2150 708 2233 (sermo
733 2150 826 2213 VIIII
849 2154 913 2225 est3
939 2151 977 2214 61.
1002 2149 1065 2214 661.
1089 2149 1259 2212 XXXVIII

112 2278 142 2340 p.
162 2256 463 2341 amplioresque
483 2257 636 2339 quosdam
656 2257 843 2338 Hieronymi
863 2257 972 2320 eadem
991 2257 1101 2320 insunt
1124 2275 1204 2337 quae
1228 2256 1259 2318 in

112 2365 449 2445 Audomaropolitano:
487 2365 509 2428 f.
550 2365 737 2426 loo-209⁰
774 2363 811 2426 de
848 2365 948 2439 Isaac,
987 2365 1189 2426 2011“-221“
1222 2363 1259 2425 16

111 2471 195 2536 bono
233 2471 355 2547 mortis,
392 2471 594 2534 221“-232“
632 2471 670 2533 16
707 2471 784 2553 fuga
821 2470 950 2545 saeculi,
991 2471 1178 2533 asar-250
1222 2469 1259 2532 de

113 2578 219 2655 Iacob,
256 2578 446 2641 250-2680
479 2577 516 2641 16
553 2577 710 2660 paradiso,
748 2578 937 2640 sos-277³
970 2576 1008 2640 de
1046 2576 1259 2639 consolatione

112 2685 337 2761 Ualentinum,
379 2685 582 2748 277“-286“
619 2684 756 2767 epistula
799 2684 838 2747 ad
878 2681 1136 2768 Uercellenses‚4)
1177 2683 1259 2745 unde

114 2793 203 2874 patet
226 2791 311 2856 hunc
333 2792 450 2855 librum
475 2811 510 2855 ex
535 2791 658 2855 duobus
683 2791 846 2855 codicibus
870 2792 952 2854 inter
975 2809 1009 2854 66
1034 2790 1259 2872 conglutinatis

114 2902 268 2962 constare.
300 2896 328 2962 Α
361 2901 394 2961 61
424 2899 449 2962 P
481 2902 645 2980 tamquam
677 2899 789 2961 fratres
824 2897 942 2980 gemini
974 2899 1049 2961 sunt
1082 2916 1117 2959 er
1150 2896 1260 2961 eodem

113 3005 194 3069 libro
220 3007 253 3068 et
275 3005 344 3086 ipso
368 3007 405 3067 ut
427 3005 555 3068 uidetur
577 3024 638 3068 non
658 3007 759 3068 multo
780 3004 956 3084 antiquiore
977 3003 1120 3068 deriuati.
1145 3023 1260 3086 magno

115 3130 208 3192 opere
237 3114 342 3174 autem
372 3111 542 3176 dolendum
572 3116 621 3176 est
643 3113 671 3175 A
694 3113 808 3176 lacuna
836 3110 946 3194 grandi
970 3148 1012 3154 —
1036 3109 1262 3174 interciderunt

116 3218 199 3282 enim
235 3217 267 3280 in
302 3237 338 3282 eo
371 3218 448 3282 folia
481 3218 598 3295 decem,
631 3219 663 3280 in
697 3219 813 3301 quibus
845 3217 942 3281 uerba
975 3215 1261 3297 ‘reprehendamus'

114 3325 204 3408 (268,
222 3323 277 3410 13)
293 3343 395 3407 usque
415 3325 453 3388 ad
472 3325 655 3416 ‘insufflatio
676 3326 810 3389 fructus'
826 3324 914 3406 (292,
931 3323 964 3406 8)
980 3323 1098 3405 scripta
1118 3326 1205 3386 erant
1219 3361 1262 3366 —

162 3558 181 3628 1)
202 3559 296 3613 eadem
314 3576 395 3613 manu
416 3560 468 3613 duo
487 3559 554 3612 folia
574 3576 641 3628 quae
660 3559 861 3622 interciderant,
880 3558 981 3611 LXXII
1000 3560 1028 3610 et
1045 3557 1181 3613 LXXIIII.
1199 3576 1262 3626 sup·

114 3648 191 3717 plata
210 3665 269 3702 esse
287 3648 425 3711 uidentur;
447 3647 479 3701 61.
495 3648 575 3701 huius
595 3647 722 3700 editionis
741 3650 846 3717 partem
861 3647 973 3700 alteram
989 3664 1013 3714 p.
1030 3648 1072 3710 27,
1087 3647 1121 3701 23
1137 3647 1222 3707 6133,
1238 3647 1262 3700 l.

160 3735 338 3806 2)161661666
360 3753 455 3789 manus
479 3735 565 3789 altera
588 3753 620 3788 ea
644 3752 712 3804 quac
734 3752 816 3788 manu
839 3735 952 3804 antiqua
970 3737 1090 3788 correcta
1110 3739 1188 3788 crant
1206 3735 1262 3787 suis

116 3825 245 3879 ductibus
268 3826 358 3878 illeuit
381 3825 516 3894 simulque
539 3825 699 3893 scripturam
722 3825 878 3891 primariam
900 3841 981 3893 super
999 3839 1107 3876 uersum
1126 3824 1261 3893 adposuit.

162 3913 183 3981 3)
204 3915 238 3968 61,
256 3915 286 3968 P.
307 3914 389 3967 anll
407 3915 436 3968 in
455 3914 539 3984 praef.
560 3914 594 3967 ad
612 3914 760 3983 Augustini
779 3913 854 3968 Cous.
875 3932 900 3982 p.
915 3914 989 3966 XXX
1009 3931 1047 3982 sq.

162 4003 183 4070 ⁴)
205 4020 264 4057 cum
277 4003 300 4056 P
313 4003 354 4057 ita
369 4005 504 4072 conspirat
513 4003 664 4056 Parisiacus
677 4004 745 4056 1719
756 4003 817 4073 (1³¹¹)
832 4021 857 4072 p.
868 4003 966 4055 XXXX
979 4002 1138 4072 descriptus,
1153 4006 1184 4054 ut
1199 4001 1263 4068 quin

116 4094 209 4148 codice
235 4093 326 4162 aliquo
352 4093 637 4147 intercedente-nam
662 4093 707 4145 hic
731 4091 788 4145 illic
812 4092 942 4145 orationis
966 4095 1106 4145 contextus
1131 4096 1178 4143 aut
1201 4105 1262 4140 con·

115 4183 228 4236 icc-turis
248 4185 295 4236 aut
313 4182 453 4250 scripturis
473 4200 503 4235 66
523 4183 576 4235 6116
597 4182 688 4235 661166
707 4167 968 4234 illatisimmutatus
989 4183 1082 4233 est-
1103 4179 1195 4231 661116
1211 4176 1263 4227 ori·

116 4272 210 4342 giuem
230 4271 335 4325 duxerit
354 4272 398 4324 616
418 4270 541 4326 dubitare
560 4272 652 4326 liccat.
