2858 4824
160 351 224 415 598
633 345 830 399 Ambrosii

161 542 265 606 simile
297 540 441 623 peccat'?
474 541 576 605 feruet
609 539 691 604 enim
725 539 826 621 primo
856 540 949 621 culpa
976 540 1098 622 impetu
1128 542 1160 603 ct
1183 558 1308 603 omnem

161 649 239 714 recti
262 647 486 732 cogitationem
509 647 674 730 praeuenit
696 649 850 728 motuque
873 646 1031 711 inmaturo
1056 647 1154 723 exilit,
1177 649 1215 710 ut
1239 666 1306 710 eam

162 755 291 820 difficile
313 755 393 818 ratio
417 773 566 818 reuocare
585 754 698 837 possit.
722 754 821 818 fertur
838 753 871 816 in
889 773 1040 836 praeceps
1060 757 1092 818 et
1111 772 1309 818 ascensorem

162 882 256 927 suum
289 860 403 943 proicit
435 861 466 924 in
500 880 585 924 mare
617 860 706 924 istud
738 861 834 925 huius
868 861 988 925 saeculi
1025 861 1147 925 ceruice
1186 859 1310 924 tumida

161 987 310 1032 recusans
346 966 458 1050 iugum
496 966 713 1047 correptionis.
752 969 803 1031 est
838 965 985 1049 specialis
1024 965 1178 1047 quaedam
1210 964 1427 1030 formasa-all

160 1073 312 1149 libidinis,
335 1093 414 1155 quae
434 1091 545 1138 uocem
564 1076 668 1138 mutet
686 1073 835 1151 hominis,
855 1074 952 1137 uerba
971 1073 1106 1137 amantis
1130 1074 1311 1155 corrumpat

163 1181 292 1262 suisque
325 1200 358 1245 se
391 1177 505 1262 prodat
536 1179 746 1247 sermonibus.
781 1179 914 1261 denique
944 1180 983 1244 ad
1006 1179 1118 1243 Iudam
1146 1179 1224 1243 dicit
1254 1198 1312 1261 per

162 1287 355 1351 Hieremiam
380 1286 525 1351 dominus
551 1286 643 1350 deus:
677 1306 772 1351 nunc
795 1286 992 1351 uidebitur
1015 1286 1224 1371 ignominia
1247 1288 1311 1349 tua

123 1474 125 1482 Ι
163 1398 199 1459 et
227 1394 461 1459 adulterium
490 1396 527 1457 et
554 1393 727 1458 hinnitus
757 1395 793 1457 et
827 1393 1008 1459 alienatio
1042 1392 1311 1458 fornicationis

162 1505 249 1566 tuae
283 1520 395 1583 supra
427 1502 557 1566 colles.
590 1501 673 1564 hunc
702 1501 807 1564 iustus
836 1499 961 1565 reduxit
989 1500 1178 1582 equitatum,
1207 1518 1312 1563 mores
1331 1524 1357 1565 ιο

164 1628 289 1690 quoque
314 1607 500 1672 declinantis
525 1607 684 1671 conuertit
715 1610 747 1671 et
779 1607 817 1671 ad
847 1626 880 1671 se
899 1608 1047 1684 uocauit,
1077 1610 1113 1670 ut
1135 1606 1312 1670 imitatores

165 1715 215 1780 sui
242 1715 352 1778 fierent
380 1714 434 1795 qui
463 1713 660 1794 deflexerant,
690 1714 765 1795 quia
788 1733 900 1778 sensus
924 1713 1024 1778 nostri
1048 1714 1087 1778 ad
1112 1711 1313 1796 disciplinam

97 1817 140 1880 44
163 1821 279 1885 mentis
297 1824 472 1899 recurrunt,
493 1821 704 1884 substantiam
721 1840 846 1903 quoque
861 1821 989 1904 recepit.
1010 1841 1072 1885 non
1086 1820 1311 1904 patrimonium
1377 1831 1399 1882 B

165 1928 276 2009 utique
305 1925 474 2010 significat,
500 1927 555 1990 sed
578 1927 709 1991 uitalem
735 1928 856 1992 animae
881 1928 1103 2005 substantiam,
1128 1927 1159 1990 in
1185 1927 1314 2008 quasit

165 2034 324 2116 pretiosus
353 2053 478 2110 census,
508 2052 568 2097 non
597 2034 725 2117 stipula,
755 2054 816 2100 non
841 2036 978 2113 faenum,
1002 2035 1034 2098 in
1058 2054 1120 2116 qua
1143 2035 1187 2098 sit
1210 2033 1313 2097 fidelis
1332 2059 1360 2097 15

165 2140 297 2222 alloquii
320 2140 477 2221 splendor,
502 2140 533 2204 in
558 2161 620 2222 qua
643 2145 769 2206 nostrae
799 2161 911 2207 census
941 2142 1096 2206 subsistat
1124 2141 1201 2224 spei.
1236 2140 1315 2205 haec

166 2252 215 2311 est
247 2246 329 2310 enim
362 2266 438 2310 uera
468 2250 577 2311 nostra
610 2248 799 2326 substantia,
833 2268 912 2330 quae
941 2253 990 2313 est
1018 2248 1191 2330 sapientiae
1222 2248 1312 2313 diues

165 2353 276 2435 copiis,
296 2354 374 2418 haec
392 2354 569 2418 inmortalis
591 2355 783 2430 substantia;
812 2356 951 2439 corporis
972 2358 1078 2419 autem
1098 2355 1151 2418 uel
1170 2355 1312 2419 acciden-

164 2461 246 2524 tium
266 2460 397 2525 diurnus
416 2462 520 2545 magis
545 2481 639 2542 quam
663 2461 832 2525 diuturnus
856 2482 945 2526 usus.
969 2462 1052 2526 unde
1077 2461 1206 2544 quidam
1228 2464 1313 2526 recte

166 2585 225 2630 nou
249 2570 363 2648 putant
384 2567 566 2648 patrimonii
589 2567 652 2632 dici
670 2568 896 2645 substantiam3
921 2588 982 2633 non
1002 2569 1085 2633 enim
1104 2568 1312 2633 subsistimus
1332 2577 1401 2633 soc

165 2672 196 2734 iu
230 2690 277 2750 eo,
311 2692 384 2737 cum
418 2676 449 2737 et
480 2673 545 2738 illis
579 2674 694 2755 quibus
729 2674 812 2740 desit
842 2676 976 2757 pecunia
1003 2675 1089 2739 uitae
1117 2678 1223 2739 tamen
1252 2693 1312 2738 non

167 2779 250 2842 desit
270 2779 458 2844 substantia.

76 2883 110 2962 8,
120 2883 162 2944 45
208 2885 256 2949 De
279 2885 514 2950 Melchisedech
542 2887 573 2950 in
601 2890 739 2952 tractatu
767 2888 878 2952 morali
905 2889 997 2971 plene
1022 2888 1169 2967 diximus,
1194 2887 1226 2951 in
1251 2905 1312 2969 quo
1379 2897 1403 2950 D

167 2995 199 3055 et
230 2992 416 3075 mysterium
448 3011 646 3076 nequaquam
676 2996 879 3077 praeteritum
911 3014 946 3058 ac
969 2994 1230 3078 praetermissum
1255 2996 1313 3072 est,

255 3203 272 3255 3
291 3201 374 3256 Exod.
397 3205 437 3266 15,
460 3206 472 3257 1
495 3206 522 3256 et
541 3203 573 3257 21
631 3203 647 3256 8
666 3203 739 3255 Hier.
761 3203 802 3267 13,
823 3203 856 3256 26
876 3219 916 3271 sq.
977 3202 1011 3256 23
1032 3202 1064 3257 cf,
1084 3203 1098 3256 Ι
1116 3205 1141 3266 3,
1163 3205 1196 3257 16

204 3337 370 3405 limpeturh
389 3336 417 3388 P
470 3336 631 3399 2inpaturo
653 3339 689 3403 (nr
707 3351 728 3388 a.
749 3336 820 3401 er
872 3337 1112 3440 tlproiecitCllls
1169 3336 1244 3390 istud
1263 3354 1314 3392 om.

167 3453 194 3504 B
249 3455 410 3506 brecusans
429 3453 452 3520 (s
473 3451 521 3505 alt.
543 3468 576 3504 eao
594 3454 617 3517 t)
637 3452 665 3504 P
724 3452 899 3505 correctionis
917 3451 1040 3506 DNOM
1096 3453 1164 3506 &P
1219 3456 1314 3522 ipro-

169 3540 216 3593 dat
237 3540 368 3593 Gelenius
386 3540 484 3610 probat
503 3540 569 3593 libri
632 3541 648 3593 8
668 3559 722 3605 non
741 3545 803 3605 (unc
821 3557 842 3594 s.
864 3547 908 3607 pn)
928 3541 956 3593 P
1022 3542 1037 3594 9
1057 3541 1221 3595 adulterium
1240 3546 1315 3596 tuum

166 3629 229 3682 DN
281 3632 309 3681 et
327 3629 450 3681 hinnitus
471 3632 499 3681 et
517 3628 680 3682 adulterium
694 3630 721 3681 B
777 3630 810 3683 10
823 3630 902 3697 falso
918 3630 1046 3683 distiterit
1060 3631 1237 3698 Ambrosius;
1250 3647 1315 3684 aava

168 3735 249 3787 supra
277 3718 358 3770 colles
381 3718 460 3770 Hier.
484 3721 527 3780 13,
553 3721 593 3771 26
616 3734 654 3785 sq.
678 3719 800 3785 pertinet
824 3718 863 3771 od
890 3719 1065 3772 cacabatum
1093 3718 1169 3786 quod
1193 3720 1317 3787 sequitur

204 3823 284 3875 super
301 3805 334 3859 N
369 3806 401 3859 12
421 3807 478 3876 qui]
500 3807 546 3875 qui
565 3824 581 3859 a
600 3823 627 3858 se
647 3807 674 3858 B
719 3807 750 3860 13
770 3807 1124 3875 quoque...substantianr
1142 3808 1174 3859 ira
1193 3824 1245 3876 nep.
1264 3808 1315 3874 ias.

168 3899 209 3948 ml
227 3895 255 3947 P
360 3895 463 3964 recepit
487 3894 526 3947 cd.
551 3894 630 3948 Rom.
656 3896 754 3964 recipit
778 3896 842 3948 libri
951 3895 1115 3964 patrimonia
1139 3899 1166 3964 (u
1186 3912 1220 3950 eac
1238 3901 1263 3962 a)
1286 3896 1316 3948 Τ

170 3984 202 4036 15
223 4000 317 4037 seusus
335 3983 363 4036 B
383 3986 413 4048 (s.
433 3987 481 4036 m3
498 3983 512 4035 l
531 3986 636 4048 census)
656 3983 786 4046 PDNM,
806 3999 856 4040 om.
880 3985 903 4037 0
964 3984 992 4036 in
1012 4001 1065 4052 quo
1085 3983 1207 4037 DNOM
1268 3985 1316 4037 sit·

55 4057 58 4065 ’
168 4072 257 4125 ruens
278 4072 376 4137 (fluens
395 4073 512 4138 aare.)
533 4073 560 4124 P
616 4072 989 4140 recompensasse
1043 4074 1075 4126 17
1094 4076 1189 4146 nostra
1208 4073 1316 4126 aaran

171 4161 203 4213 18
231 4160 383 4214 inmortalis
404 4161 423 4225 (i
443 4162 492 4214 ult.
512 4178 545 4214 ece
563 4165 588 4226 e)
609 4161 636 4213 P
726 4160 905 4215 accidentium
925 4162 962 4215 M
977 4161 1111 4214 Maurici
1131 4160 1315 4214 accedentium

170 4249 235 4302 libri
289 4251 323 4304 20
342 4250 534 4318 patrimonium
554 4249 617 4303 DN
