<?xml version="1.0" encoding="UTF-8"?>
<!DOCTYPE html PUBLIC "-//W3C//DTD XHTML 1.0 Transitional//EN"
    "http://www.w3.org/TR/xhtml1/DTD/xhtml1-transitional.dtd">
<html xmlns="http://www.w3.org/1999/xhtml" xml:lang="en" lang="en">
 <head>
  <title>
</title>
<meta http-equiv="Content-Type" content="text/html;charset=utf-8" />
  <meta name='ocr-system' content='tesseract 3.04.00' />
  <meta name='ocr-capabilities' content='ocr_page ocr_carea ocr_par ocr_line ocrx_word'/>
</head>
<body>
  <div class='ocr_page' id='page_1' title='image "./sanctiambrosiio00petsgoog_0193.png"; bbox 0 0 2858 4824; ppageno 0'>
   <div class='ocr_carea' id='block_1_1' title="bbox 146 361 822 430">
    <p class='ocr_par' dir='ltr' id='par_1_1' title="bbox 146 361 822 430">
     <span class='ocr_line' id='line_1_1' title="bbox 146 361 822 430; baseline -0.001 -13"><span class='ocrx_word' id='word_1_1' title='bbox 146 366 210 430; x_wconf 81' lang='lat'>590</span> <span class='ocrx_word' id='word_1_2' title='bbox 623 361 822 416; x_wconf 81' lang='lat' dir='ltr'>Ambrosii</span> 
     </span>
    </p>
   </div>
   <div class='ocr_carea' id='block_1_2' title="bbox 95 554 1404 3308">
    <p class='ocr_par' dir='ltr' id='par_1_2' title="bbox 145 554 1404 1170">
     <span class='ocr_line' id='line_1_2' title="bbox 147 554 1294 637; baseline -0.001 -16"><span class='ocrx_word' id='word_1_3' title='bbox 147 560 276 622; x_wconf 85' lang='lat' dir='ltr'>suntet</span> <span class='ocrx_word' id='word_1_4' title='bbox 300 575 379 637; x_wconf 86' lang='lat' dir='ltr'>quae</span> <span class='ocrx_word' id='word_1_5' title='bbox 402 554 463 620; x_wconf 91' lang='lat' dir='ltr'>tibi</span> <span class='ocrx_word' id='word_1_6' title='bbox 485 555 517 619; x_wconf 93' lang='lat' dir='ltr'>in</span> <span class='ocrx_word' id='word_1_7' title='bbox 541 554 670 620; x_wconf 88' lang='lat' dir='ltr'>sinistra</span> <span class='ocrx_word' id='word_1_8' title='bbox 693 555 773 620; x_wconf 88' lang='lat' dir='ltr'>mihi</span> <span class='ocrx_word' id='word_1_9' title='bbox 796 555 827 619; x_wconf 88' lang='lat' dir='ltr'>in</span> <span class='ocrx_word' id='word_1_10' title='bbox 853 555 978 619; x_wconf 82' lang='lat' dir='ltr'>dextera</span> <span class='ocrx_word' id='word_1_11' title='bbox 1002 558 1087 620; x_wconf 91' lang='lat' dir='ltr'>sunt.</span> <span class='ocrx_word' id='word_1_12' title='bbox 1119 556 1187 619; x_wconf 87' lang='lat' dir='ltr'>uiro</span> <span class='ocrx_word' id='word_1_13' title='bbox 1212 558 1294 620; x_wconf 90' lang='lat' dir='ltr'>enim</span> 
     </span>
     <span class='ocr_line' id='line_1_3' title="bbox 145 659 1404 745; baseline 0 -19"><span class='ocrx_word' id='word_1_14' title='bbox 145 662 326 745; x_wconf 91' lang='lat' dir='ltr'>inprudenti</span> <span class='ocrx_word' id='word_1_15' title='bbox 348 663 380 725; x_wconf 93' lang='lat' dir='ltr'>in</span> <span class='ocrx_word' id='word_1_16' title='bbox 404 662 530 725; x_wconf 82' lang='lat' dir='ltr'>dextera</span> <span class='ocrx_word' id='word_1_17' title='bbox 553 664 629 726; x_wconf 91' lang='lat' dir='ltr'>sunt</span> <span class='ocrx_word' id='word_1_18' title='bbox 653 680 732 742; x_wconf 88' lang='lat' dir='ltr'>quae</span> <span class='ocrx_word' id='word_1_19' title='bbox 757 663 831 725; x_wconf 91' lang='lat' dir='ltr'>sunt</span> <span class='ocrx_word' id='word_1_20' title='bbox 855 660 1006 744; x_wconf 89' lang='lat' dir='ltr'>corporis.</span> <span class='ocrx_word' id='word_1_21' title='bbox 1031 680 1067 726; x_wconf 89' lang='lat' dir='ltr'>ea</span> <span class='ocrx_word' id='word_1_22' title='bbox 1089 663 1234 744; x_wconf 85' lang='lat' dir='ltr'>praefert,</span> <span class='ocrx_word' id='word_1_23' title='bbox 1260 682 1295 726; x_wconf 89' lang='lat' dir='ltr'>ea</span> <span class='ocrx_word' id='word_1_24' title='bbox 1339 659 1404 711; x_wconf 75' lang='lat' dir='ltr'>3⁶27l</span> 
     </span>
     <span class='ocr_line' id='line_1_4' title="bbox 147 767 1295 851; baseline 0.001 -19"><span class='ocrx_word' id='word_1_25' title='bbox 147 769 314 834; x_wconf 90' lang='lat' dir='ltr'>constituit</span> <span class='ocrx_word' id='word_1_26' title='bbox 344 770 377 833; x_wconf 93' lang='lat' dir='ltr'>in</span> <span class='ocrx_word' id='word_1_27' title='bbox 410 768 574 833; x_wconf 86' lang='lat' dir='ltr'>meliorem</span> <span class='ocrx_word' id='word_1_28' title='bbox 605 773 737 849; x_wconf 83' lang='lat' dir='ltr'>partem,</span> <span class='ocrx_word' id='word_1_29' title='bbox 771 767 901 832; x_wconf 91' lang='lat' dir='ltr'>diuitias</span> <span class='ocrx_word' id='word_1_30' title='bbox 935 787 1059 851; x_wconf 88' lang='lat' dir='ltr'>quoque</span> <span class='ocrx_word' id='word_1_31' title='bbox 1093 771 1125 832; x_wconf 87' lang='lat' dir='ltr'>et</span> <span class='ocrx_word' id='word_1_32' title='bbox 1159 768 1295 833; x_wconf 91' lang='lat' dir='ltr'>bonores</span> 
     </span>
     <span class='ocr_line' id='line_1_5' title="bbox 145 874 1295 959; baseline 0 -19"><span class='ocrx_word' id='word_1_33' title='bbox 145 877 319 959; x_wconf 78' lang='lat' dir='ltr'>praeponit,</span> <span class='ocrx_word' id='word_1_34' title='bbox 358 878 390 940; x_wconf 94' lang='lat' dir='ltr'>at</span> <span class='ocrx_word' id='word_1_35' title='bbox 426 895 501 940; x_wconf 90' lang='lat' dir='ltr'>uero</span> <span class='ocrx_word' id='word_1_36' title='bbox 538 875 789 940; x_wconf 73' lang='lat' dir='ltr'>immortalitatis</span> <span class='ocrx_word' id='word_1_37' title='bbox 835 874 1055 958; x_wconf 75' lang='lat' dir='ltr'>adipiscendae</span> <span class='ocrx_word' id='word_1_38' title='bbox 1093 876 1229 958; x_wconf 84' lang='lat' dir='ltr'>gratiam</span> <span class='ocrx_word' id='word_1_39' title='bbox 1264 876 1295 940; x_wconf 91' lang='lat' dir='ltr'>in</span> 
     </span>
     <span class='ocr_line' id='line_1_6' title="bbox 147 981 1340 1065; baseline -0.002 -19"><span class='ocrx_word' id='word_1_40' title='bbox 147 982 276 1048; x_wconf 88' lang='lat' dir='ltr'>sinistra</span> <span class='ocrx_word' id='word_1_41' title='bbox 298 983 404 1062; x_wconf 90' lang='lat' dir='ltr'>habet,</span> <span class='ocrx_word' id='word_1_42' title='bbox 428 1001 507 1065; x_wconf 86' lang='lat' dir='ltr'>quae</span> <span class='ocrx_word' id='word_1_43' title='bbox 532 981 666 1064; x_wconf 87' lang='lat' dir='ltr'>sapienti</span> <span class='ocrx_word' id='word_1_44' title='bbox 690 981 728 1046; x_wconf 91' lang='lat' dir='ltr'>ad</span> <span class='ocrx_word' id='word_1_45' title='bbox 753 981 911 1046; x_wconf 82' lang='lat' dir='ltr'>dexteram</span> <span class='ocrx_word' id='word_1_46' title='bbox 936 985 999 1057; x_wconf 87' lang='lat' dir='ltr'>est;</span> <span class='ocrx_word' id='word_1_47' title='bbox 1023 982 1190 1065; x_wconf 83' lang='lat' dir='ltr'>longitudo</span> <span class='ocrx_word' id='word_1_48' title='bbox 1214 982 1297 1046; x_wconf 89' lang='lat' dir='ltr'>enim</span> <span class='ocrx_word' id='word_1_49' title='bbox 1328 1005 1340 1044; x_wconf 84' lang='lat'>⁵</span> 
     </span>
     <span class='ocr_line' id='line_1_7' title="bbox 146 1089 1298 1170; baseline -0.001 -18"><span class='ocrx_word' id='word_1_50' title='bbox 146 1089 232 1153; x_wconf 86' lang='lat' dir='ltr'>uitae</span> <span class='ocrx_word' id='word_1_51' title='bbox 255 1090 286 1153; x_wconf 93' lang='lat' dir='ltr'>in</span> <span class='ocrx_word' id='word_1_52' title='bbox 311 1090 437 1155; x_wconf 84' lang='lat' dir='ltr'>dextera</span> <span class='ocrx_word' id='word_1_53' title='bbox 460 1090 539 1156; x_wconf 91' lang='lat' dir='ltr'>eius.</span> <span class='ocrx_word' id='word_1_54' title='bbox 569 1108 740 1170; x_wconf 89' lang='lat' dir='ltr'>omnesque</span> <span class='ocrx_word' id='word_1_55' title='bbox 765 1089 887 1153; x_wconf 85' lang='lat' dir='ltr'>animae</span> <span class='ocrx_word' id='word_1_56' title='bbox 909 1089 1048 1154; x_wconf 88' lang='lat' dir='ltr'>uirtutes</span> <span class='ocrx_word' id='word_1_57' title='bbox 1072 1089 1225 1170; x_wconf 84' lang='lat' dir='ltr'>insipiens</span> <span class='ocrx_word' id='word_1_58' title='bbox 1249 1089 1298 1152; x_wconf 90' lang='lat' dir='ltr'>uir</span> 
     </span>
    </p>

    <p class='ocr_par' dir='ltr' id='par_1_3' title="bbox 146 1195 1297 1385">
     <span class='ocr_line' id='line_1_8' title="bbox 146 1195 1297 1278; baseline 0.002 -21"><span class='ocrx_word' id='word_1_59' title='bbox 146 1195 179 1257; x_wconf 89' lang='lat' dir='ltr'>iu</span> <span class='ocrx_word' id='word_1_60' title='bbox 208 1195 368 1260; x_wconf 84' lang='lat' dir='ltr'>sinistram</span> <span class='ocrx_word' id='word_1_61' title='bbox 398 1195 484 1273; x_wconf 86' lang='lat' dir='ltr'>eicit,</span> <span class='ocrx_word' id='word_1_62' title='bbox 512 1196 650 1278; x_wconf 90' lang='lat' dir='ltr'>prudens</span> <span class='ocrx_word' id='word_1_63' title='bbox 679 1197 786 1259; x_wconf 88' lang='lat' dir='ltr'>autem</span> <span class='ocrx_word' id='word_1_64' title='bbox 815 1196 865 1260; x_wconf 89' lang='lat' dir='ltr'>uir</span> <span class='ocrx_word' id='word_1_65' title='bbox 891 1196 949 1260; x_wconf 92' lang='lat' dir='ltr'>has</span> <span class='ocrx_word' id='word_1_66' title='bbox 978 1195 1040 1260; x_wconf 92' lang='lat' dir='ltr'>sibi</span> <span class='ocrx_word' id='word_1_67' title='bbox 1068 1195 1108 1259; x_wconf 89' lang='lat' dir='ltr'>ad</span> <span class='ocrx_word' id='word_1_68' title='bbox 1140 1196 1297 1260; x_wconf 85' lang='lat' dir='ltr'>dexteram</span> 
     </span>
     <span class='ocr_line' id='line_1_9' title="bbox 146 1301 900 1385; baseline 0.007 -20"><span class='ocrx_word' id='word_1_69' title='bbox 146 1303 241 1381; x_wconf 89' lang='lat' dir='ltr'>locat,</span> <span class='ocrx_word' id='word_1_70' title='bbox 266 1321 346 1385; x_wconf 87' lang='lat' dir='ltr'>quae</span> <span class='ocrx_word' id='word_1_71' title='bbox 370 1305 477 1367; x_wconf 89' lang='lat' dir='ltr'>autem</span> <span class='ocrx_word' id='word_1_72' title='bbox 501 1303 641 1385; x_wconf 87' lang='lat' dir='ltr'>corporis</span> <span class='ocrx_word' id='word_1_73' title='bbox 666 1301 703 1365; x_wconf 90' lang='lat' dir='ltr'>ad</span> <span class='ocrx_word' id='word_1_74' title='bbox 719 1301 900 1370; x_wconf 89' lang='lat' dir='ltr'>sinistram.</span> 
     </span>
    </p>

    <p class='ocr_par' dir='ltr' id='par_1_4' title="bbox 95 1409 1379 2669">
     <span class='ocr_line' id='line_1_10' title="bbox 95 1409 1354 1492; baseline -0.003 -18"><span class='ocrx_word' id='word_1_75' title='bbox 95 1411 137 1474; x_wconf 85' lang='lat'>33</span> <span class='ocrx_word' id='word_1_76' title='bbox 192 1409 237 1472; x_wconf 82' lang='lat' dir='ltr'>llt</span> <span class='ocrx_word' id='word_1_77' title='bbox 269 1410 418 1474; x_wconf 88' lang='lat' dir='ltr'>leuauit</span> <span class='ocrx_word' id='word_1_78' title='bbox 456 1410 560 1492; x_wconf 90' lang='lat' dir='ltr'>inquit</span> <span class='ocrx_word' id='word_1_79' title='bbox 595 1410 689 1474; x_wconf 86' lang='lat' dir='ltr'>Loth</span> <span class='ocrx_word' id='word_1_80' title='bbox 728 1409 859 1474; x_wconf 90' lang='lat' dir='ltr'>oculos</span> <span class='ocrx_word' id='word_1_81' title='bbox 897 1412 934 1473; x_wconf 92' lang='lat' dir='ltr'>et</span> <span class='ocrx_word' id='word_1_82' title='bbox 971 1409 1117 1492; x_wconf 82' lang='lat' dir='ltr'>aspexit</span> <span class='ocrx_word' id='word_1_83' title='bbox 1154 1427 1296 1473; x_wconf 88' lang='lat' dir='ltr'>omnem</span> <span class='ocrx_word' id='word_1_84' title='bbox 1351 1451 1354 1459; x_wconf 86' lang='lat'>-</span> 
     </span>
     <span class='ocr_line' id='line_1_11' title="bbox 147 1511 1379 1599; baseline -0.002 -21"><span class='ocrx_word' id='word_1_85' title='bbox 147 1514 338 1599; x_wconf 88' lang='lat' dir='ltr'>regionem</span> <span class='ocrx_word' id='word_1_86' title='bbox 356 1516 539 1581; x_wconf 88' lang='lat' dir='ltr'>Iordanis.</span> <span class='ocrx_word' id='word_1_87' title='bbox 559 1517 801 1582; x_wconf 88' lang='lat' dir='ltr'>deflectentibus</span> <span class='ocrx_word' id='word_1_88' title='bbox 820 1536 839 1581; x_wconf 92' lang='lat' dir='ltr'>a</span> <span class='ocrx_word' id='word_1_89' title='bbox 857 1536 932 1582; x_wconf 91' lang='lat' dir='ltr'>uero</span> <span class='ocrx_word' id='word_1_90' title='bbox 952 1517 1054 1581; x_wconf 89' lang='lat' dir='ltr'>amica</span> <span class='ocrx_word' id='word_1_91' title='bbox 1071 1515 1222 1581; x_wconf 88' lang='lat' dir='ltr'>iaetantia</span> <span class='ocrx_word' id='word_1_92' title='bbox 1236 1518 1295 1578; x_wconf 85' lang='lat' dir='ltr'>ast.</span> <span class='ocrx_word' id='word_1_93' title='bbox 1316 1539 1339 1576; x_wconf 77' lang='grc' dir='ltr'>ιο</span> <span class='ocrx_word' id='word_1_94' title='bbox 1358 1511 1379 1564; x_wconf 85' lang='grc' dir='ltr'><strong>Β</strong></span> 
     </span>
     <span class='ocr_line' id='line_1_12' title="bbox 149 1621 1297 1708; baseline 0 -24"><span class='ocrx_word' id='word_1_95' title='bbox 149 1621 282 1703; x_wconf 83' lang='lat' dir='ltr'>denique</span> <span class='ocrx_word' id='word_1_96' title='bbox 305 1625 342 1685; x_wconf 91' lang='lat' dir='ltr'>ut</span> <span class='ocrx_word' id='word_1_97' title='bbox 359 1622 517 1687; x_wconf 83' lang='lat' dir='ltr'>Abrabam</span> <span class='ocrx_word' id='word_1_98' title='bbox 541 1623 706 1701; x_wconf 87' lang='lat' dir='ltr'>humilius,</span> <span class='ocrx_word' id='word_1_99' title='bbox 725 1625 780 1708; x_wconf 90' lang='lat' dir='ltr'>qui</span> <span class='ocrx_word' id='word_1_100' title='bbox 799 1623 984 1689; x_wconf 80' lang='lat' dir='ltr'>electionem</span> <span class='ocrx_word' id='word_1_101' title='bbox 1005 1623 1132 1704; x_wconf 85' lang='lat' dir='ltr'>optulit,</span> <span class='ocrx_word' id='word_1_102' title='bbox 1152 1622 1197 1687; x_wconf 93' lang='lat' dir='ltr'>ita</span> <span class='ocrx_word' id='word_1_103' title='bbox 1216 1621 1297 1685; x_wconf 82' lang='lat' dir='ltr'>Loth</span> 
     </span>
     <span class='ocr_line' id='line_1_13' title="bbox 147 1724 1297 1813; baseline 0.002 -24"><span class='ocrx_word' id='word_1_104' title='bbox 147 1728 348 1806; x_wconf 72' lang='lat' dir='ltr'>insolentius,</span> <span class='ocrx_word' id='word_1_105' title='bbox 377 1729 432 1810; x_wconf 91' lang='lat' dir='ltr'>qui</span> <span class='ocrx_word' id='word_1_106' title='bbox 459 1724 646 1794; x_wconf 90' lang='lat' dir='ltr'>electionem</span> <span class='ocrx_word' id='word_1_107' title='bbox 678 1731 913 1813; x_wconf 85' lang='lat' dir='ltr'>usurpauit-</span> <span class='ocrx_word' id='word_1_108' title='bbox 936 1730 1039 1793; x_wconf 87' lang='lat' dir='ltr'>uirtus</span> <span class='ocrx_word' id='word_1_109' title='bbox 1073 1748 1106 1793; x_wconf 86' lang='lat' dir='ltr'>se</span> <span class='ocrx_word' id='word_1_110' title='bbox 1139 1727 1297 1804; x_wconf 85' lang='lat' dir='ltr'>humiliat,</span> 
     </span>
     <span class='ocr_line' id='line_1_14' title="bbox 149 1833 1298 1919; baseline 0.002 -23"><span class='ocrx_word' id='word_1_111' title='bbox 149 1833 271 1899; x_wconf 83' lang='lat' dir='ltr'>extollit</span> <span class='ocrx_word' id='word_1_112' title='bbox 299 1838 404 1898; x_wconf 89' lang='lat' dir='ltr'>autem</span> <span class='ocrx_word' id='word_1_113' title='bbox 434 1855 467 1901; x_wconf 91' lang='lat' dir='ltr'>se</span> <span class='ocrx_word' id='word_1_114' title='bbox 490 1836 641 1919; x_wconf 90' lang='lat' dir='ltr'>iniquitas</span> <span class='ocrx_word' id='word_1_115' title='bbox 667 1874 719 1915; x_wconf 93' lang='lat'>—,</span> <span class='ocrx_word' id='word_1_116' title='bbox 744 1838 856 1919; x_wconf 86' lang='lat' dir='ltr'>quise</span> <span class='ocrx_word' id='word_1_117' title='bbox 881 1836 992 1900; x_wconf 88' lang='lat' dir='ltr'>debuit</span> <span class='ocrx_word' id='word_1_118' title='bbox 1015 1836 1211 1901; x_wconf 90' lang='lat' dir='ltr'>committere</span> <span class='ocrx_word' id='word_1_119' title='bbox 1234 1853 1298 1899; x_wconf 90' lang='lat' dir='ltr'>ma-</span> 
     </span>
     <span class='ocr_line' id='line_1_15' title="bbox 147 1940 1297 2027; baseline 0.002 -25"><span class='ocrx_word' id='word_1_120' title='bbox 147 1940 272 2017; x_wconf 88' lang='lat' dir='ltr'>turiori,</span> <span class='ocrx_word' id='word_1_121' title='bbox 296 1945 333 2005; x_wconf 92' lang='lat' dir='ltr'>ut</span> <span class='ocrx_word' id='word_1_122' title='bbox 357 1946 442 2006; x_wconf 87' lang='lat' dir='ltr'>esset</span> <span class='ocrx_word' id='word_1_123' title='bbox 468 1944 578 2020; x_wconf 91' lang='lat' dir='ltr'>tutior,</span> <span class='ocrx_word' id='word_1_124' title='bbox 608 1944 742 2026; x_wconf 88' lang='lat' dir='ltr'>denique</span> <span class='ocrx_word' id='word_1_125' title='bbox 770 1944 887 2027; x_wconf 82' lang='lat' dir='ltr'>eligere</span> <span class='ocrx_word' id='word_1_126' title='bbox 915 1943 1062 2009; x_wconf 85' lang='lat' dir='ltr'>nesciuit.</span> <span class='ocrx_word' id='word_1_127' title='bbox 1096 1963 1167 2006; x_wconf 90' lang='lat' dir='ltr'>nam</span> <span class='ocrx_word' id='word_1_128' title='bbox 1196 1941 1297 2024; x_wconf 91' lang='lat' dir='ltr'>primo</span> 
     </span>
     <span class='ocr_line' id='line_1_16' title="bbox 148 2044 1342 2134; baseline 0.002 -26"><span class='ocrx_word' id='word_1_129' title='bbox 148 2044 272 2110; x_wconf 90' lang='lat' dir='ltr'>leuauit</span> <span class='ocrx_word' id='word_1_130' title='bbox 300 2049 418 2130; x_wconf 55' lang='lat' dir='ltr'>,oculos</span> <span class='ocrx_word' id='word_1_131' title='bbox 456 2053 487 2115; x_wconf 90' lang='lat' dir='ltr'>et</span> <span class='ocrx_word' id='word_1_132' title='bbox 524 2050 683 2134; x_wconf 86' lang='lat' dir='ltr'>regionem</span> <span class='ocrx_word' id='word_1_133' title='bbox 721 2050 893 2133; x_wconf 86' lang='lat' dir='ltr'>conspexit,</span> <span class='ocrx_word' id='word_1_134' title='bbox 926 2049 986 2113; x_wconf 89' lang='lat' dir='ltr'>boo</span> <span class='ocrx_word' id='word_1_135' title='bbox 1019 2053 1069 2113; x_wconf 90' lang='lat' dir='ltr'>est</span> <span class='ocrx_word' id='word_1_136' title='bbox 1100 2049 1189 2113; x_wconf 84' lang='lat' dir='ltr'>illam</span> <span class='ocrx_word' id='word_1_137' title='bbox 1221 2067 1297 2124; x_wconf 90' lang='lat' dir='ltr'>rem,</span> <span class='ocrx_word' id='word_1_138' title='bbox 1317 2071 1342 2111; x_wconf 86' lang='lat'>15</span> 
     </span>
     <span class='ocr_line' id='line_1_17' title="bbox 151 2154 1296 2237; baseline 0.001 -22"><span class='ocrx_word' id='word_1_139' title='bbox 151 2171 230 2234; x_wconf 88' lang='lat' dir='ltr'>quae</span> <span class='ocrx_word' id='word_1_140' title='bbox 259 2173 319 2218; x_wconf 92' lang='lat' dir='ltr'>non</span> <span class='ocrx_word' id='word_1_141' title='bbox 348 2158 433 2219; x_wconf 85' lang='lat' dir='ltr'>esset</span> <span class='ocrx_word' id='word_1_142' title='bbox 459 2157 561 2237; x_wconf 85' lang='lat' dir='ltr'>prima</span> <span class='ocrx_word' id='word_1_143' title='bbox 589 2158 706 2235; x_wconf 83' lang='lat' dir='ltr'>ordine,</span> <span class='ocrx_word' id='word_1_144' title='bbox 735 2157 791 2221; x_wconf 90' lang='lat' dir='ltr'>sed</span> <span class='ocrx_word' id='word_1_145' title='bbox 817 2156 922 2234; x_wconf 89' lang='lat' dir='ltr'>tertia,</span> <span class='ocrx_word' id='word_1_146' title='bbox 950 2156 1011 2220; x_wconf 86' lang='lat' dir='ltr'>boc</span> <span class='ocrx_word' id='word_1_147' title='bbox 1039 2158 1089 2220; x_wconf 90' lang='lat' dir='ltr'>est</span> <span class='ocrx_word' id='word_1_148' title='bbox 1111 2154 1296 2220; x_wconf 88' lang='lat' dir='ltr'>nouissima.</span> 
     </span>
     <span class='ocr_line' id='line_1_18' title="bbox 149 2259 1297 2346; baseline 0.003 -25"><span class='ocrx_word' id='word_1_149' title='bbox 149 2259 252 2342; x_wconf 90' lang='lat' dir='ltr'>prima</span> <span class='ocrx_word' id='word_1_150' title='bbox 279 2263 354 2325; x_wconf 91' lang='lat' dir='ltr'>sunt</span> <span class='ocrx_word' id='word_1_151' title='bbox 381 2261 463 2326; x_wconf 86' lang='lat' dir='ltr'>enim</span> <span class='ocrx_word' id='word_1_152' title='bbox 493 2283 573 2346; x_wconf 89' lang='lat' dir='ltr'>quae</span> <span class='ocrx_word' id='word_1_153' title='bbox 602 2268 677 2328; x_wconf 87' lang='lat' dir='ltr'>sunt</span> <span class='ocrx_word' id='word_1_154' title='bbox 704 2264 825 2327; x_wconf 89' lang='lat' dir='ltr'>animae</span> <span class='ocrx_word' id='word_1_155' title='bbox 849 2263 940 2339; x_wconf 87' lang='lat' dir='ltr'>bona,</span> <span class='ocrx_word' id='word_1_156' title='bbox 965 2261 1105 2326; x_wconf 87' lang='lat' dir='ltr'>secunda</span> <span class='ocrx_word' id='word_1_157' title='bbox 1128 2280 1208 2343; x_wconf 87' lang='lat' dir='ltr'>quae</span> <span class='ocrx_word' id='word_1_158' title='bbox 1232 2280 1297 2326; x_wconf 88' lang='lat' dir='ltr'>ocr-</span> 
     </span>
     <span class='ocr_line' id='line_1_19' title="bbox 149 2362 1377 2454; baseline 0.001 -24"><span class='ocrx_word' id='word_1_159' title='bbox 149 2367 246 2448; x_wconf 88' lang='lat' dir='ltr'>poris,</span> <span class='ocrx_word' id='word_1_160' title='bbox 279 2367 312 2432; x_wconf 93' lang='lat' dir='ltr'>id</span> <span class='ocrx_word' id='word_1_161' title='bbox 344 2373 393 2433; x_wconf 91' lang='lat' dir='ltr'>est</span> <span class='ocrx_word' id='word_1_162' title='bbox 425 2372 512 2434; x_wconf 88' lang='lat' dir='ltr'>salus</span> <span class='ocrx_word' id='word_1_163' title='bbox 544 2371 648 2435; x_wconf 88' lang='lat' dir='ltr'>uirtus</span> <span class='ocrx_word' id='word_1_164' title='bbox 680 2370 884 2454; x_wconf 86' lang='lat' dir='ltr'>pulchritudo</span> <span class='ocrx_word' id='word_1_165' title='bbox 916 2369 1035 2434; x_wconf 84' lang='lat' dir='ltr'>formae</span> <span class='ocrx_word' id='word_1_166' title='bbox 1064 2369 1175 2453; x_wconf 88' lang='lat' dir='ltr'>gratia,</span> <span class='ocrx_word' id='word_1_167' title='bbox 1205 2368 1297 2432; x_wconf 88' lang='lat' dir='ltr'>tertia</span> <span class='ocrx_word' id='word_1_168' title='bbox 1359 2362 1377 2418; x_wconf 78' lang='lat' dir='ltr'>C</span> 
     </span>
     <span class='ocr_line' id='line_1_20' title="bbox 151 2474 1296 2559; baseline -0.002 -20"><span class='ocrx_word' id='word_1_169' title='bbox 151 2478 226 2539; x_wconf 89' lang='lat' dir='ltr'>sunt</span> <span class='ocrx_word' id='word_1_170' title='bbox 257 2495 336 2557; x_wconf 88' lang='lat' dir='ltr'>quac</span> <span class='ocrx_word' id='word_1_171' title='bbox 364 2478 521 2555; x_wconf 90' lang='lat' dir='ltr'>accidunt,</span> <span class='ocrx_word' id='word_1_172' title='bbox 550 2478 610 2543; x_wconf 90' lang='lat' dir='ltr'>hoc</span> <span class='ocrx_word' id='word_1_173' title='bbox 638 2482 689 2542; x_wconf 90' lang='lat' dir='ltr'>est</span> <span class='ocrx_word' id='word_1_174' title='bbox 715 2477 847 2542; x_wconf 89' lang='lat' dir='ltr'>diuitiae</span> <span class='ocrx_word' id='word_1_175' title='bbox 874 2479 1050 2559; x_wconf 87' lang='lat' dir='ltr'>potestates</span> <span class='ocrx_word' id='word_1_176' title='bbox 1077 2474 1296 2556; x_wconf 76' lang='lat' dir='ltr'>pandeamini</span> 
     </span>
     <span class='ocr_line' id='line_1_21' title="bbox 151 2581 1340 2669; baseline 0 -25"><span class='ocrx_word' id='word_1_177' title='bbox 151 2581 261 2664; x_wconf 88' lang='lat' dir='ltr'>glon&#39;a.</span> <span class='ocrx_word' id='word_1_178' title='bbox 294 2584 381 2668; x_wconf 90' lang='lat' dir='ltr'>regio</span> <span class='ocrx_word' id='word_1_179' title='bbox 409 2585 508 2669; x_wconf 89' lang='lat' dir='ltr'>igitur</span> <span class='ocrx_word' id='word_1_180' title='bbox 536 2586 629 2650; x_wconf 90' lang='lat' dir='ltr'>tertio</span> <span class='ocrx_word' id='word_1_181' title='bbox 653 2586 723 2650; x_wconf 85' lang='lat' dir='ltr'>loco</span> <span class='ocrx_word' id='word_1_182' title='bbox 746 2584 888 2666; x_wconf 72' lang='lat' dir='ltr'>ponitur,</span> <span class='ocrx_word' id='word_1_183' title='bbox 923 2585 973 2647; x_wconf 88' lang='lat' dir='ltr'>est</span> <span class='ocrx_word' id='word_1_184' title='bbox 995 2582 1078 2646; x_wconf 90' lang='lat' dir='ltr'>enim</span> <span class='ocrx_word' id='word_1_185' title='bbox 1101 2600 1152 2646; x_wconf 87' lang='lat' dir='ltr'>res</span> <span class='ocrx_word' id='word_1_186' title='bbox 1176 2581 1297 2644; x_wconf 87' lang='lat' dir='ltr'>habita·</span> <span class='ocrx_word' id='word_1_187' title='bbox 1315 2605 1340 2644; x_wconf 79' lang='lat' dir='ltr'>ao</span> 
     </span>
    </p>

    <p class='ocr_par' dir='ltr' id='par_1_5' title="bbox 97 2687 1378 3308">
     <span class='ocr_line' id='line_1_22' title="bbox 97 2687 1296 2776; baseline -0.003 -22"><span class='ocrx_word' id='word_1_188' title='bbox 97 2693 138 2754; x_wconf 81' lang='lat'>34</span> <span class='ocrx_word' id='word_1_189' title='bbox 149 2688 256 2752; x_wconf 88' lang='lat' dir='ltr'>tionis.</span> <span class='ocrx_word' id='word_1_190' title='bbox 281 2690 365 2754; x_wconf 90' lang='lat' dir='ltr'>uidit</span> <span class='ocrx_word' id='word_1_191' title='bbox 388 2710 461 2775; x_wconf 90' lang='lat' dir='ltr'>ergo</span> <span class='ocrx_word' id='word_1_192' title='bbox 484 2693 656 2776; x_wconf 88' lang='lat' dir='ltr'>regionem,</span> <span class='ocrx_word' id='word_1_193' title='bbox 682 2711 774 2773; x_wconf 88' lang='lat' dir='ltr'>quae</span> <span class='ocrx_word' id='word_1_194' title='bbox 798 2689 1045 2774; x_wconf 88' lang='lat' dir='ltr'>inrigabatur,</span> <span class='ocrx_word' id='word_1_195' title='bbox 1076 2687 1296 2772; x_wconf 90' lang='lat' dir='ltr'>priusquam</span> 
     </span>
     <span class='ocr_line' id='line_1_23' title="bbox 151 2793 1296 2876; baseline -0.002 -18"><span class='ocrx_word' id='word_1_196' title='bbox 151 2799 344 2861; x_wconf 89' lang='lat' dir='ltr'>euerteret</span> <span class='ocrx_word' id='word_1_197' title='bbox 368 2797 458 2862; x_wconf 83' lang='lat' dir='ltr'>deus</span> <span class='ocrx_word' id='word_1_198' title='bbox 484 2797 677 2863; x_wconf 84' lang='lat' dir='ltr'>Sodomam</span> <span class='ocrx_word' id='word_1_199' title='bbox 702 2802 738 2862; x_wconf 93' lang='lat' dir='ltr'>et</span> <span class='ocrx_word' id='word_1_200' title='bbox 767 2797 994 2870; x_wconf 87' lang='lat' dir='ltr'>Gomorram,</span> <span class='ocrx_word' id='word_1_201' title='bbox 1024 2796 1126 2859; x_wconf 86' lang='lat' dir='ltr'>sicut</span> <span class='ocrx_word' id='word_1_202' title='bbox 1153 2793 1296 2876; x_wconf 89' lang='lat' dir='ltr'>paradi-</span> 
     </span>
     <span class='ocr_line' id='line_1_24' title="bbox 152 2901 1295 2989; baseline 0.001 -26"><span class='ocrx_word' id='word_1_203' title='bbox 152 2921 216 2965; x_wconf 88' lang='lat' dir='ltr'>sus</span> <span class='ocrx_word' id='word_1_204' title='bbox 237 2902 295 2966; x_wconf 91' lang='lat' dir='ltr'>dei</span> <span class='ocrx_word' id='word_1_205' title='bbox 316 2906 353 2966; x_wconf 91' lang='lat' dir='ltr'>et</span> <span class='ocrx_word' id='word_1_206' title='bbox 371 2904 657 2989; x_wconf 82' lang='lat' dir='ltr'>terraAegypti,</span> <span class='ocrx_word' id='word_1_207' title='bbox 679 2924 798 2986; x_wconf 88' lang='lat' dir='ltr'>usque</span> <span class='ocrx_word' id='word_1_208' title='bbox 823 2903 1051 2968; x_wconf 89' lang='lat' dir='ltr'>dumuenias</span> <span class='ocrx_word' id='word_1_209' title='bbox 1067 2902 1103 2965; x_wconf 91' lang='lat' dir='ltr'>in</span> <span class='ocrx_word' id='word_1_210' title='bbox 1118 2901 1295 2984; x_wconf 88' lang='lat' dir='ltr'>Zothopa.</span> 
     </span>
     <span class='ocr_line' id='line_1_25' title="bbox 150 2991 1297 3095; baseline 0.001 -26"><span class='ocrx_word' id='word_1_211' title='bbox 150 3008 182 3070; x_wconf 92' lang='lat' dir='ltr'>in</span> <span class='ocrx_word' id='word_1_212' title='bbox 211 3027 272 3089; x_wconf 90' lang='lat' dir='ltr'>quo</span> <span class='ocrx_word' id='word_1_213' title='bbox 301 3010 363 3074; x_wconf 87' lang='lat' dir='ltr'>nisi</span> <span class='ocrx_word' id='word_1_214' title='bbox 391 3010 558 3095; x_wconf 90' lang='lat' dir='ltr'>diligenter</span> <span class='ocrx_word' id='word_1_215' title='bbox 584 2991 739 3089; x_wconf 88' lang='lat' dir='ltr'>intendas,</span> <span class='ocrx_word' id='word_1_216' title='bbox 768 3010 922 3093; x_wconf 89' lang='lat' dir='ltr'>numquid</span> <span class='ocrx_word' id='word_1_217' title='bbox 949 3010 982 3073; x_wconf 90' lang='lat' dir='ltr'>in</span> <span class='ocrx_word' id='word_1_218' title='bbox 1011 3029 1047 3073; x_wconf 90' lang='lat' dir='ltr'>eo</span> <span class='ocrx_word' id='word_1_219' title='bbox 1076 3026 1196 3073; x_wconf 88' lang='lat' dir='ltr'>errasse</span> <span class='ocrx_word' id='word_1_220' title='bbox 1224 3027 1297 3071; x_wconf 92' lang='lat' dir='ltr'>eum</span> 
     </span>
     <span class='ocr_line' id='line_1_26' title="bbox 152 3113 1340 3203; baseline 0.001 -26"><span class='ocrx_word' id='word_1_221' title='bbox 152 3113 255 3178; x_wconf 87' lang='lat' dir='ltr'>dicere</span> <span class='ocrx_word' id='word_1_222' title='bbox 283 3119 384 3198; x_wconf 91' lang='lat' dir='ltr'>potes,</span> <span class='ocrx_word' id='word_1_223' title='bbox 413 3118 498 3200; x_wconf 93' lang='lat' dir='ltr'>quod</span> <span class='ocrx_word' id='word_1_224' title='bbox 526 3119 624 3203; x_wconf 88' lang='lat' dir='ltr'>elegit</span> <span class='ocrx_word' id='word_1_225' title='bbox 650 3119 756 3183; x_wconf 87' lang='lat' dir='ltr'>uicina</span> <span class='ocrx_word' id='word_1_226' title='bbox 782 3116 924 3182; x_wconf 89' lang='lat' dir='ltr'>Iordanis</span> <span class='ocrx_word' id='word_1_227' title='bbox 953 3119 985 3180; x_wconf 90' lang='lat' dir='ltr'>et</span> <span class='ocrx_word' id='word_1_228' title='bbox 1013 3135 1048 3179; x_wconf 88' lang='lat' dir='ltr'>ea</span> <span class='ocrx_word' id='word_1_229' title='bbox 1076 3133 1157 3197; x_wconf 89' lang='lat' dir='ltr'>qnae</span> <span class='ocrx_word' id='word_1_230' title='bbox 1184 3113 1297 3196; x_wconf 89' lang='lat' dir='ltr'>inriga·</span> <span class='ocrx_word' id='word_1_231' title='bbox 1315 3138 1340 3178; x_wconf 77' lang='lat' dir='ltr'>aa</span> 
     </span>
     <span class='ocr_line' id='line_1_27' title="bbox 152 3208 1378 3308; baseline -0.002 -23"><span class='ocrx_word' id='word_1_232' title='bbox 152 3222 265 3287; x_wconf 89' lang='lat' dir='ltr'>bantur</span> <span class='ocrx_word' id='word_1_233' title='bbox 297 3224 381 3288; x_wconf 89' lang='lat' dir='ltr'>sicut</span> <span class='ocrx_word' id='word_1_234' title='bbox 412 3225 577 3308; x_wconf 87' lang='lat' dir='ltr'>paradisus</span> <span class='ocrx_word' id='word_1_235' title='bbox 611 3225 681 3289; x_wconf 84' lang='lat' dir='ltr'>dei?</span> <span class='ocrx_word' id='word_1_236' title='bbox 713 3244 773 3288; x_wconf 92' lang='lat' dir='ltr'>nou</span> <span class='ocrx_word' id='word_1_237' title='bbox 807 3223 917 3307; x_wconf 86' lang='lat' dir='ltr'>utique</span> <span class='ocrx_word' id='word_1_238' title='bbox 946 3208 1119 3287; x_wconf 83' lang='lat' dir='ltr'>secundum</span> <span class='ocrx_word' id='word_1_239' title='bbox 1146 3221 1296 3299; x_wconf 87' lang='lat' dir='ltr'>litteram,</span> <span class='ocrx_word' id='word_1_240' title='bbox 1357 3217 1378 3272; x_wconf 83' lang='lat' dir='ltr'>D</span> 
     </span>
    </p>
   </div>
   <div class='ocr_carea' id='block_1_3' title="bbox 242 3473 1154 3547">
    <p class='ocr_par' dir='ltr' id='par_1_6' title="bbox 242 3473 1154 3547">
     <span class='ocr_line' id='line_1_28' title="bbox 242 3473 1154 3547; baseline -0.004 -15"><span class='ocrx_word' id='word_1_241' title='bbox 242 3478 257 3531; x_wconf 89' lang='lat'><strong>3</strong></span> <span class='ocrx_word' id='word_1_242' title='bbox 278 3482 306 3532; x_wconf 87' lang='lat' dir='ltr'>et</span> <span class='ocrx_word' id='word_1_243' title='bbox 324 3479 340 3532; x_wconf 83' lang='lat'>5</span> <span class='ocrx_word' id='word_1_244' title='bbox 360 3479 426 3547; x_wconf 85' lang='lat' dir='ltr'>ch.</span> <span class='ocrx_word' id='word_1_245' title='bbox 445 3478 488 3530; x_wconf 86' lang='lat'>111</span> <span class='ocrx_word' id='word_1_246' title='bbox 507 3479 532 3541; x_wconf 87' lang='lat'>3,</span> <span class='ocrx_word' id='word_1_247' title='bbox 553 3478 584 3531; x_wconf 90' lang='lat' dir='ltr'>ll</span> <span class='ocrx_word' id='word_1_248' title='bbox 642 3478 658 3529; x_wconf 83' lang='lat'><strong>9</strong></span> <span class='ocrx_word' id='word_1_249' title='bbox 678 3476 744 3533; x_wconf 85' lang='lat' dir='ltr'>Gen.</span> <span class='ocrx_word' id='word_1_250' title='bbox 766 3477 807 3543; x_wconf 87' lang='lat'>13,</span> <span class='ocrx_word' id='word_1_251' title='bbox 829 3477 862 3529; x_wconf 88' lang='lat' dir='ltr'>lo</span> <span class='ocrx_word' id='word_1_252' title='bbox 915 3475 948 3529; x_wconf 98' lang='grc'>21</span> <span class='ocrx_word' id='word_1_253' title='bbox 971 3473 1037 3528; x_wconf 83' lang='lat' dir='ltr'>Gen.</span> <span class='ocrx_word' id='word_1_254' title='bbox 1060 3475 1100 3537; x_wconf 88' lang='lat'>13,</span> <span class='ocrx_word' id='word_1_255' title='bbox 1121 3475 1154 3528; x_wconf 87' lang='lat'>10</span> 
     </span>
    </p>
   </div>
   <div class='ocr_carea' id='block_1_4' title="bbox 154 3650 1300 4250">
    <p class='ocr_par' dir='ltr' id='par_1_7' title="bbox 154 3650 1300 4250">
     <span class='ocr_line' id='line_1_29' title="bbox 190 3650 1297 3718; baseline -0.005 -11"><span class='ocrx_word' id='word_1_256' title='bbox 190 3655 203 3707; x_wconf 91' lang='lat'>1</span> <span class='ocrx_word' id='word_1_257' title='bbox 224 3653 335 3707; x_wconf 88' lang='lat' dir='ltr'>sinistra</span> <span class='ocrx_word' id='word_1_258' title='bbox 354 3656 417 3706; x_wconf 90' lang='lat' dir='ltr'>sunt</span> <span class='ocrx_word' id='word_1_259' title='bbox 430 3652 496 3704; x_wconf 89' lang='lat' dir='ltr'>mihi</span> <span class='ocrx_word' id='word_1_260' title='bbox 516 3652 626 3705; x_wconf 88' lang='lat' dir='ltr'>suntin</span> <span class='ocrx_word' id='word_1_261' title='bbox 645 3651 669 3704; x_wconf 93' lang='lat' dir='ltr'>d.</span> <span class='ocrx_word' id='word_1_262' title='bbox 689 3653 716 3704; x_wconf 91' lang='lat' dir='ltr'><em>B</em></span> <span class='ocrx_word' id='word_1_263' title='bbox 777 3652 849 3705; x_wconf 71' lang='lat' dir='ltr'>⁴lad</span> <span class='ocrx_word' id='word_1_264' title='bbox 867 3652 894 3704; x_wconf 95' lang='lat' dir='ltr'><strong><em>P</em></strong></span> <span class='ocrx_word' id='word_1_265' title='bbox 912 3654 935 3718; x_wconf 93' lang='lat' dir='ltr'>(t</span> <span class='ocrx_word' id='word_1_266' title='bbox 953 3668 974 3705; x_wconf 84' lang='lat' dir='ltr'>s.</span> <span class='ocrx_word' id='word_1_267' title='bbox 995 3650 1022 3716; x_wconf 88' lang='lat' dir='ltr'>d)</span> <span class='ocrx_word' id='word_1_268' title='bbox 1046 3650 1072 3702; x_wconf 86' lang='grc' dir='ltr'><em>Τ</em></span> <span class='ocrx_word' id='word_1_269' title='bbox 1124 3653 1140 3704; x_wconf 82' lang='grc'>5</span> <span class='ocrx_word' id='word_1_270' title='bbox 1160 3651 1297 3703; x_wconf 86' lang='lat' dir='ltr'>sinistram</span> 
     </span>
     <span class='ocr_line' id='line_1_30' title="bbox 155 3738 1300 3813; baseline -0.003 -19"><span class='ocrx_word' id='word_1_271' title='bbox 155 3747 191 3805; x_wconf 82' lang='lat' dir='ltr'>(m</span> <span class='ocrx_word' id='word_1_272' title='bbox 211 3743 291 3813; x_wconf 77' lang='lat' dir='ltr'>eros.)</span> <span class='ocrx_word' id='word_1_273' title='bbox 310 3743 339 3794; x_wconf 90' lang='lat' dir='ltr'><em>P</em></span> <span class='ocrx_word' id='word_1_274' title='bbox 409 3742 503 3810; x_wconf 83' lang='lat' dir='ltr'>quaell</span> <span class='ocrx_word' id='word_1_275' title='bbox 519 3741 546 3793; x_wconf 91' lang='lat' dir='ltr'><strong><em>P</em></strong></span> <span class='ocrx_word' id='word_1_276' title='bbox 620 3741 770 3808; x_wconf 88' lang='lat' dir='ltr'>sapientiae</span> <span class='ocrx_word' id='word_1_277' title='bbox 789 3741 817 3794; x_wconf 94' lang='lat' dir='ltr'><em>P</em></span> <span class='ocrx_word' id='word_1_278' title='bbox 835 3744 877 3808; x_wconf 90' lang='lat' dir='ltr'>(ae</span> <span class='ocrx_word' id='word_1_279' title='bbox 897 3745 979 3805; x_wconf 84' lang='lat' dir='ltr'>cruc.)</span> <span class='ocrx_word' id='word_1_280' title='bbox 1001 3740 1026 3792; x_wconf 88' lang='grc' dir='ltr'><em>Τ</em></span> <span class='ocrx_word' id='word_1_281' title='bbox 1096 3739 1125 3792; x_wconf 91' lang='lat' dir='ltr'>in</span> <span class='ocrx_word' id='word_1_282' title='bbox 1144 3738 1253 3792; x_wconf 87' lang='lat' dir='ltr'>dextera</span> <span class='ocrx_word' id='word_1_283' title='bbox 1275 3738 1300 3790; x_wconf 85' lang='grc' dir='ltr'><em>Τ</em></span> 
     </span>
     <span class='ocr_line' id='line_1_31' title="bbox 155 3824 1300 3892; baseline -0.003 -10"><span class='ocrx_word' id='word_1_284' title='bbox 155 3828 224 3883; x_wconf 79' lang='lat' dir='ltr'>lad</span> <span class='ocrx_word' id='word_1_285' title='bbox 243 3829 293 3883; x_wconf 91' lang='lat' dir='ltr'>sin.</span> <span class='ocrx_word' id='word_1_286' title='bbox 315 3830 380 3883; x_wconf 91' lang='lat' dir='ltr'>eicit</span> <span class='ocrx_word' id='word_1_287' title='bbox 400 3829 592 3892; x_wconf 70' lang='lat' dir='ltr'>(ecclecitll&#39;</span> <span class='ocrx_word' id='word_1_288' title='bbox 646 3829 765 3882; x_wconf 87' lang='lat' dir='ltr'>aiecitB</span> <span class='ocrx_word' id='word_1_289' title='bbox 820 3828 981 3882; x_wconf 84' lang='lat' dir='ltr'>dextramP</span> <span class='ocrx_word' id='word_1_290' title='bbox 1015 3824 1300 3880; x_wconf 83' lang='lat' dir='ltr'>8insin.DNBOM</span> 
     </span>
     <span class='ocr_line' id='line_1_32' title="bbox 156 3904 1297 3986; baseline -0.005 -14"><span class='ocrx_word' id='word_1_291' title='bbox 156 3919 188 3973; x_wconf 86' lang='lat'>10</span> <span class='ocrx_word' id='word_1_292' title='bbox 207 3904 347 3982; x_wconf 71' lang='lat' dir='ltr'>iordanemv</span> <span class='ocrx_word' id='word_1_293' title='bbox 361 3904 395 3983; x_wconf 90' lang='lat' dir='ltr'>(is</span> <span class='ocrx_word' id='word_1_294' title='bbox 410 3935 430 3970; x_wconf 93' lang='lat' dir='ltr'>s.</span> <span class='ocrx_word' id='word_1_295' title='bbox 445 3918 539 3982; x_wconf 58' lang='lat' dir='ltr'>canl&gt;</span> <span class='ocrx_word' id='word_1_296' title='bbox 575 3917 605 3971; x_wconf 89' lang='lat'>11</span> <span class='ocrx_word' id='word_1_297' title='bbox 627 3920 657 3970; x_wconf 89' lang='lat' dir='ltr'>ut</span> <span class='ocrx_word' id='word_1_298' title='bbox 676 3934 697 3971; x_wconf 88' lang='lat' dir='ltr'>s.</span> <span class='ocrx_word' id='word_1_299' title='bbox 716 3935 743 3970; x_wconf 84' lang='lat' dir='ltr'>u.</span> <span class='ocrx_word' id='word_1_300' title='bbox 762 3917 790 3968; x_wconf 94' lang='lat' dir='ltr'><strong><em>P</em></strong></span> <span class='ocrx_word' id='word_1_301' title='bbox 832 3918 864 3970; x_wconf 93' lang='grc'>12</span> <span class='ocrx_word' id='word_1_302' title='bbox 883 3917 980 3986; x_wconf 89' lang='lat' dir='ltr'>uirtus]</span> <span class='ocrx_word' id='word_1_303' title='bbox 1000 3917 1090 3970; x_wconf 90' lang='lat' dir='ltr'>iustus</span> <span class='ocrx_word' id='word_1_304' title='bbox 1113 3916 1144 3968; x_wconf 75' lang='lat' dir='ltr'>T‘</span> <span class='ocrx_word' id='word_1_305' title='bbox 1182 3916 1215 3970; x_wconf 86' lang='lat'>13</span> <span class='ocrx_word' id='word_1_306' title='bbox 1235 3913 1297 3983; x_wconf 89' lang='lat' dir='ltr'>quia</span> 
     </span>
     <span class='ocr_line' id='line_1_33' title="bbox 158 4003 1297 4077; baseline -0.004 -17"><span class='ocrx_word' id='word_1_307' title='bbox 158 4007 183 4060; x_wconf 85' lang='lat' dir='ltr'><em>T</em></span> <span class='ocrx_word' id='word_1_308' title='bbox 236 4007 268 4061; x_wconf 84' lang='lat'>21</span> <span class='ocrx_word' id='word_1_309' title='bbox 290 4007 363 4077; x_wconf 84' lang='lat' dir='ltr'>ergo]</span> <span class='ocrx_word' id='word_1_310' title='bbox 383 4007 469 4075; x_wconf 85' lang='lat' dir='ltr'>igitur</span> <span class='ocrx_word' id='word_1_311' title='bbox 486 4006 519 4058; x_wconf 90' lang='lat' dir='ltr'><em>N</em></span> <span class='ocrx_word' id='word_1_312' title='bbox 569 4007 605 4061; x_wconf 87' lang='grc'>22</span> <span class='ocrx_word' id='word_1_313' title='bbox 623 4007 773 4060; x_wconf 90' lang='lat' dir='ltr'>incurreret</span> <span class='ocrx_word' id='word_1_314' title='bbox 793 4005 852 4059; x_wconf 83' lang='lat' dir='ltr'>GM</span> <span class='ocrx_word' id='word_1_315' title='bbox 903 4006 938 4058; x_wconf 85' lang='grc'>23</span> <span class='ocrx_word' id='word_1_316' title='bbox 956 4006 984 4059; x_wconf 94' lang='lat' dir='ltr'>in</span> <span class='ocrx_word' id='word_1_317' title='bbox 1004 4021 1054 4058; x_wconf 87' lang='lat' dir='ltr'>om.</span> <span class='ocrx_word' id='word_1_318' title='bbox 1074 4004 1111 4058; x_wconf 90' lang='lat' dir='ltr'><strong><em>M</em></strong></span> <span class='ocrx_word' id='word_1_319' title='bbox 1181 4003 1297 4073; x_wconf 81' lang='lat' dir='ltr'>zothopa</span> 
     </span>
     <span class='ocr_line' id='line_1_34' title="bbox 154 4093 1296 4162; baseline -0.004 -13"><span class='ocrx_word' id='word_1_320' title='bbox 154 4102 243 4150; x_wconf 77' lang='lat' dir='ltr'>ortum</span> <span class='ocrx_word' id='word_1_321' title='bbox 262 4102 300 4149; x_wconf 83' lang='lat' dir='ltr'>est</span> <span class='ocrx_word' id='word_1_322' title='bbox 319 4113 352 4149; x_wconf 78' lang='lat' dir='ltr'>erc</span> <span class='ocrx_word' id='word_1_323' title='bbox 369 4096 441 4149; x_wconf 84' lang='lat' dir='ltr'>male</span> <span class='ocrx_word' id='word_1_324' title='bbox 460 4096 526 4149; x_wconf 83' lang='lat' dir='ltr'>lecto</span> <span class='ocrx_word' id='word_1_325' title='bbox 545 4094 693 4149; x_wconf 83' lang='lat' dir='ltr'><strong><em>ZOPOPA.</em></strong></span> <span class='ocrx_word' id='word_1_326' title='bbox 717 4111 794 4162; x_wconf 79' lang='lat' dir='ltr'>qoem</span> <span class='ocrx_word' id='word_1_327' title='bbox 818 4111 934 4148; x_wconf 82' lang='lat' dir='ltr'>errorem</span> <span class='ocrx_word' id='word_1_328' title='bbox 955 4111 1022 4148; x_wconf 79' lang='lat' dir='ltr'>nunc</span> <span class='ocrx_word' id='word_1_329' title='bbox 1045 4093 1208 4148; x_wconf 78' lang='lat' dir='ltr'>Ambrosius</span> <span class='ocrx_word' id='word_1_330' title='bbox 1227 4108 1296 4146; x_wconf 83' lang='lat' dir='ltr'>conc·</span> 
     </span>
     <span class='ocr_line' id='line_1_35' title="bbox 154 4181 1297 4250; baseline -0.002 -12"><span class='ocrx_word' id='word_1_331' title='bbox 154 4186 257 4239; x_wconf 83' lang='lat' dir='ltr'>miserit</span> <span class='ocrx_word' id='word_1_332' title='bbox 271 4184 400 4239; x_wconf 82' lang='lat' dir='ltr'>dccbc&#39;tarc</span> <span class='ocrx_word' id='word_1_333' title='bbox 414 4184 475 4239; x_wconf 83' lang='lat' dir='ltr'>licet</span> <span class='ocrx_word' id='word_1_334' title='bbox 529 4186 564 4238; x_wconf 82' lang='grc'>24</span> <span class='ocrx_word' id='word_1_335' title='bbox 578 4202 610 4238; x_wconf 88' lang='lat' dir='ltr'>ea</span> <span class='ocrx_word' id='word_1_336' title='bbox 625 4184 655 4236; x_wconf 65' lang='lat' dir='ltr'>b*</span> <span class='ocrx_word' id='word_1_337' title='bbox 728 4201 788 4237; x_wconf 87' lang='lat' dir='ltr'>com</span> <span class='ocrx_word' id='word_1_338' title='bbox 808 4201 910 4238; x_wconf 89' lang='lat' dir='ltr'>errasse</span> <span class='ocrx_word' id='word_1_339' title='bbox 927 4183 961 4236; x_wconf 92' lang='lat' dir='ltr'><strong><em>N</em></strong></span> <span class='ocrx_word' id='word_1_340' title='bbox 1011 4183 1046 4238; x_wconf 85' lang='grc'>25</span> <span class='ocrx_word' id='word_1_341' title='bbox 1074 4182 1153 4250; x_wconf 88' lang='lat' dir='ltr'>eligit</span> <span class='ocrx_word' id='word_1_342' title='bbox 1171 4181 1198 4233; x_wconf 94' lang='lat' dir='ltr'><strong><em>P</em></strong></span> <span class='ocrx_word' id='word_1_343' title='bbox 1216 4185 1297 4250; x_wconf 76' lang='lat' dir='ltr'>(corr.</span> 
     </span>
    </p>
   </div>
   <div class='ocr_carea' id='block_1_5' title="bbox 154 4272 690 4344">
    <p class='ocr_par' dir='ltr' id='par_1_8' title="bbox 154 4272 690 4344">
     <span class='ocr_line' id='line_1_36' title="bbox 154 4272 690 4344; baseline -0.002 -17"><span class='ocrx_word' id='word_1_344' title='bbox 154 4275 212 4344; x_wconf 82' lang='lat' dir='ltr'>m2)</span> <span class='ocrx_word' id='word_1_345' title='bbox 235 4274 259 4327; x_wconf 88' lang='grc' dir='ltr'><em>Τ</em></span> <span class='ocrx_word' id='word_1_346' title='bbox 329 4274 429 4343; x_wconf 87' lang='lat' dir='ltr'>uicina]</span> <span class='ocrx_word' id='word_1_347' title='bbox 449 4275 552 4328; x_wconf 83' lang='lat' dir='ltr'>fluenta</span> <span class='ocrx_word' id='word_1_348' title='bbox 570 4272 690 4326; x_wconf 84' lang='lat' dir='ltr'><strong><em>DNOM</em></strong></span> 
     </span>
    </p>
   </div>
   <div class='ocr_carea' id='block_1_6' title="bbox 0 0 1441 4824">
    <p class='ocr_par' dir='ltr' id='par_1_9' title="bbox 0 0 1441 4824">
     <span class='ocr_line' id='line_1_37' title="bbox 0 0 1441 4824; baseline 0 0"><span class='ocrx_word' id='word_1_349' title='bbox 0 0 1441 4824; x_wconf 95' lang='lat' dir='ltr'> </span> 
     </span>
    </p>
   </div>
  </div>
 </body>
</html>
