2858 4824
143 313 207 377 634
364 355 368 358 ,
614 306 813 361 Ambrosii

90 508 131 572 83
142 509 198 570 aut
220 505 367 570 nimietas
391 505 496 571 laedat
519 509 574 571 aut
597 524 683 570 mora
707 504 871 569 offensioni
896 505 948 568 sit.
972 522 1032 567 non
1057 503 1158 567 otiose
1180 509 1287 568 autem

143 631 198 677 nec
217 613 375 694 superflue
394 613 535 695 plerique
550 613 610 676 hoc
626 610 680 694 qui
695 612 840 693 sequitur
852 611 923 675 loco
938 610 1060 674 moueri
1073 610 1233 688 uidentur,
1250 630 1285 675 eo
1332 619 1385 673 350
1398 618 1419 672 t

142 716 1288 800 quoditadireritdomiuus:quoniamquinonfueritoircum-

142 825 253 890 nisus
277 826 483 890 masculus
509 830 547 889 et
570 845 643 890 uon
668 824 980 889 circumciderit
1004 844 1161 888 carnem
1180 844 1285 906 prae-

140 931 248 1014 putii
273 932 337 996 sui
361 936 505 996 octauo
526 931 600 1008 die,
619 931 814 994 interibit
833 929 1057 995 animailla
1076 931 1120 994 de
1140 951 1287 1015 genere
1322 955 1336 992 5

56 1064 58 1072 ’
141 1058 224 1115 suo,
250 1038 342 1121 quia
365 1041 655 1103 testamentum
679 1057 805 1102 meum
824 1038 1061 1119 interrupit.
1087 1058 1184 1121 graue
1205 1039 1287 1101 enim

139 1149 271 1228 putatur
293 1145 377 1227 quod
399 1145 513 1209 infanti
536 1149 606 1210 octo
632 1146 753 1209 dierum
777 1144 980 1229 neglegentia
999 1147 1165 1227 parentum
1183 1145 1287 1209 fraudi

141 1258 226 1317 esset
252 1253 370 1330 lutura,
397 1252 443 1316 ita
470 1255 507 1316 ut
529 1252 672 1316 interiret
696 1253 800 1317 anima
823 1253 902 1330 eiue,
928 1272 999 1317 oum
1024 1253 1094 1335 ipsa
1115 1253 1166 1316 lex
1191 1252 1287 1315 etiarn

139 1359 326 1436 homicidae,
346 1359 400 1440 qui
418 1363 524 1423 tamen
544 1380 604 1424 non
624 1359 839 1423 uoluntarium
858 1359 982 1423 facinus
1000 1359 1133 1423 necandi
1150 1358 1287 1423 hominis

138 1467 318 1548 inpleuerit‚
343 1467 491 1532 ciuitates
515 1467 763 1549 praescripserit,
788 1466 826 1530 ad
850 1485 928 1548 quas
953 1465 1164 1549 confugiendo
1188 1471 1373 1528 mere-1013

139 1579 209 1638 atur
224 1574 387 1658 sanguinis
402 1573 623 1656 inpunitatem.
643 1572 800 1655 quomodo
817 1592 890 1656 ergo
907 1575 963 1637 aut
975 1571 1043 1636 illic
1057 1572 1137 1636 ratio
1153 1572 1289 1635 habetur

138 1680 287 1744 fortuitae
319 1681 405 1744 necis
439 1683 493 1744 aut
525 1680 578 1743 hic
610 1680 690 1743 ratio
722 1680 875 1744 infantiae
903 1699 964 1744 non
992 1679 1136 1757 habetur,
1164 1679 1197 1741 in
1225 1698 1288 1760 qua

139 1786 257 1850 crimen
280 1805 341 1850 non
364 1786 471 1869 potuit
494 1805 565 1850 esse
585 1790 640 1850 aut
659 1785 922 1851 dissimulationis
942 1790 999 1850 aut
1017 1785 1204 1862 uoluntatis,
1224 1785 1287 1848 nisi

139 1892 218 1957 forte
242 1895 354 1974 putent
379 1891 476 1974 aliqui
501 1893 575 1975 quia
597 1894 628 1956 in
649 1898 750 1957 morte
769 1892 815 1956 fili
835 1894 965 1977 granius
984 1894 1160 1976 puniuntur
1177 1912 1286 1975 paren-

137 2001 208 2063 tes?
233 1999 288 2062 sed
311 2000 468 2064 iniustum
491 2003 623 2082 putatur
645 2003 682 2063 ut
706 2000 800 2082 culpa
823 2004 993 2064 nocentum
1012 2000 1165 2064 inferatur
1182 2018 1285 2081 poena
1304 2023 1330 2060 15

137 2105 297 2170 innocenti
325 2106 379 2169 uel
406 2109 534 2188 propter
560 2125 693 2188 poenam
717 2107 860 2171 nocentis
884 2107 1034 2171 innocens
1057 2106 1207 2190 puniatur
1230 2109 1286 2170 aut
1310 2170 1318 2185 ,

136 2209 193 2274 fiat
230 2230 359 2277 consors
397 2212 546 2293 supplicii
586 2213 639 2294 qui
677 2212 784 2294 dispar
820 2216 870 2277 est
905 2214 1029 2278 merito.
1066 2213 1149 2276 unde
1186 2213 1285 2294 aliqui

136 2320 250 2400 putant
273 2319 357 2400 quod
377 2319 415 2382 de
433 2320 561 2401 parente
586 2319 671 2383 dicat
693 2321 935 2397 exterminando,
960 2321 1043 2402 quod
1063 2321 1131 2384 eius
1150 2319 1286 2383 intereat
1351 2326 1372 2381 C

137 2425 248 2501 anima,
273 2445 333 2490 non
357 2425 491 2507 paruuli.
515 2426 570 2489 sed
595 2426 686 2489 ualde
711 2427 897 2510 ambiguum
922 2432 981 2504 est,
999 2427 1076 2490 licet
1094 2427 1285 2510 suffragetur

136 2532 212 2596 huic
254 2531 425 2596 adsertioni
467 2531 551 2614 quod
593 2533 651 2595 ait:
695 2533 787 2615 quia
828 2535 1330 2598 testamentum'meumao

136 2638 373 2721 interrupit.
410 2639 518 2720 itaque
550 2639 610 2704 hoc
643 2639 681 2703 ad
713 2639 951 2723 intellegentem
984 2640 1087 2722 magis
1121 2659 1215 2721 quam
1245 2638 1285 2702 ad

135 2746 287 2809 infantem
324 2745 523 2809 referendum
560 2746 696 2810 uidetur.
739 2747 793 2810 alii
830 2749 975 2832 grauiora
1009 2747 1194 2829 parentibus
1231 2747 1285 2809 uel

136 2850 263 2916 silentio
287 2851 486 2914 minitantem
509 2855 624 2933 putant
648 2851 810 2917 dominum
835 2853 938 2928 deum,
964 2872 1025 2934 quo
1049 2853 1122 2934 plus
1150 2852 1286 2916 timeant
1374 2857 1378 2863 '

83 2958 125 3023 84
138 2958 280 3036 maiores,
305 2958 428 3040 quando
452 2977 509 3021 neo
533 2959 646 3022 infanti
664 2959 815 3040 parcitur·
839 2959 919 3023 mihi
939 2961 1045 3022 autem
1064 2959 1142 3024 satis
1161 2959 1283 3042 liquido

135 3066 224 3146 patet
248 3064 368 3128 dictum
394 3064 432 3128 de
456 3064 708 3147 uniuscuiusque
731 3069 847 3130 mente.
881 3066 1017 3130 diximus
1043 3065 1125 3129 enim
1149 3065 1285 3129 maseuli
1302 3088 1330 3130 25
1349 3079 1375 3132 D

135 3171 261 3236 nomine
290 3174 428 3234 mentem
459 3171 641 3255 significari,
671 3173 756 3254 quod
780 3173 823 3237 sit
845 3174 972 3237 ualidus
996 3173 1111 3237 mentis
1135 3174 1229 3256 uigor·
1253 3177 1285 3236 et

136 3278 272 3342 animam
301 3277 331 3341 in
362 3278 411 3341 sui
441 3280 588 3360 copulam
615 3280 721 3343 trahat
749 3280 853 3362 sitque
882 3280 1099 3345 uehementior
1120 3281 1284 3362 tamquam

136 3403 211 3448 seru
230 3385 335 3466 potior
355 3388 386 3449 et
404 3383 490 3449 uirili
509 3386 686 3450 ualiditate.
707 3407 781 3470 ergo
801 3387 878 3450 haec
897 3387 978 3450 ratio
999 3390 1057 3465 est,
1077 3387 1162 3468 quod
1181 3389 1283 3452 omnis

135 3495 234 3566 mena,
268 3510 347 3572 quae
381 3512 440 3555 non
474 3491 572 3556 fuerit
605 3492 792 3557 circumcisa
820 3513 838 3557 a
865 3493 1033 3574 superfluis
1067 3494 1282 3575 corporalibus

135 3600 166 3660 et
198 3602 334 3680 purgata
367 3598 512 3662 sollemni
540 3619 679 3676 munere,
708 3604 745 3664 ut
773 3603 883 3664 extuat
910 3619 944 3664 se
972 3600 1157 3682 passionum
1180 3601 1281 3679 uitiis,
1300 3623 1328 3664 ao

224 3816 239 3867 3
261 3813 327 3868 Gen.
350 3817 389 3877 17,
412 3817 444 3867 14
465 3816 542 3868 Philo
563 3815 674 3880 Quaest.
693 3817 735 3869 III
754 3818 787 3870 52
843 3818 859 3871 8
878 3817 931 3872 los.
952 3819 994 3883 20,
1014 3819 1030 3872 3

170 3956 185 4006 2
207 3971 237 4006 eo
257 3954 355 4022 serapti
374 3959 402 4008 et
420 3955 449 4008 D
469 3957 512 4023 (tn
528 3961 597 4021 ras.)
618 3963 665 4011 cet.
720 3959 737 4011 8
756 3964 829 4013 esset
848 3964 871 4027 (t
888 3976 910 4014 o.
929 3977 956 4014 a.
976 3964 1033 4026 m3)
1052 3961 1079 4013 P
1149 3962 1210 4030 ipsa
1229 3978 1279 4015 orn.

133 4042 165 4095 N
236 4045 268 4096 13
297 4046 416 4113 autpr.]
437 4048 527 4097 autem
551 4044 651 4110 T‘DN,
672 4064 723 4101 one.
743 4049 769 4099 B
844 4050 877 4102 14
900 4049 1034 4119 filiiP(i
1054 4049 1153 4106 terta
1172 4054 1212 4115 u.)
1233 4057 1279 4104 cet.

136 4132 167 4184 17
188 4136 229 4184 est
248 4133 304 4185 ona
313 4132 377 4185 DN
446 4132 530 4202 aliqui
549 4150 599 4187 one.
615 4135 679 4188 DN
728 4137 763 4191 30
783 4139 1069 4191 ersuatPermateet.
1125 4141 1280 4208 passionum

135 4220 211 4273 uitiis
231 4221 347 4273 PBOM
363 4222 534 4290 passionibus
555 4227 583 4276 et
602 4224 677 4277 uitiis
696 4226 726 4278 D
745 4226 785 4294 (et
802 4242 824 4282 c.
842 4232 881 4294 a.)
901 4226 935 4279 N
