2858 4824
111 335 170 399 XI]
572 333 791 389 Praefatio.

111 529 347 611 disputauimus
381 528 544 607 faciamus
579 530 767 611 opusculum
802 529 840 593 de
872 530 940 595 Noe
974 531 1151 594 confectum
1187 550 1255 595 esse

110 636 238 700 uidetur
261 657 341 702 anno
362 635 627 715 CCCLXXXIHI,
649 636 761 701 deinde
782 656 933 701 annorum
953 638 1016 701 fere
1036 637 1132 701 trium
1154 638 1255 719 spatio

109 743 274 808 interiecto
307 745 409 808 secuti
442 746 517 808 sunt
548 744 621 807 libri
654 744 691 809 de
715 743 885 821 Abrabam,
911 744 948 807 de
975 744 1076 822 Isaac,
1108 743 1146 807 de
1174 743 1255 807 bono

109 849 231 928 mortis,
257 850 294 915 de
318 851 424 928 Iacob,
446 850 483 914 de
502 851 617 934 loseph
636 851 719 915 intra
737 851 899 914 biennium
920 851 973 914 uel
992 850 1164 914 triennium
1185 869 1256 914 con-

111 956 232 1038 scripti.
267 957 383 1039 quibus
415 957 498 1022 inter
531 977 565 1022 se
598 957 775 1022 coniunctis
812 960 924 1039 postea
956 977 1070 1038 corpus
1108 957 1256 1021 effectum

110 1065 160 1126 est
192 1063 229 1127 de
262 1064 448 1147 patriarchis
481 1065 680 1146 inscriptum,
715 1065 800 1147 quod
836 1065 898 1128 iam
933 1064 1114 1129 Cassiodori
1151 1066 1254 1128 aetate

108 1188 170 1234 usu
194 1175 358 1253 receptum
382 1171 483 1235 fnisse
508 1191 544 1234 en
568 1172 624 1236 eis'
639 1191 718 1254 quae
739 1191 834 1254 supra
853 1171 1055 1253 exposuimus
1081 1170 1254 1254 colligitur.

110 1280 204 1359 atque
227 1260 323 1340 huius
352 1279 437 1341 extat
463 1278 638 1362 uestigium
666 1278 795 1361 aliquod
822 1279 854 1341 in
883 1279 1058 1357 codicibus
1081 1277 1113 1340 in
1138 1277 1254 1359 quibus

109 1387 193 1447 certe
216 1383 290 1447 libri
314 1384 352 1448 de
374 1385 465 1449 Isaac
489 1385 526 1448 de
550 1386 631 1449 bono
655 1385 765 1450 mortis
790 1387 828 1449 de
851 1386 946 1450 Iacob
969 1385 1157 1467 interposito
1181 1385 1255 1466 post

109 1490 243 1554 alterum
271 1491 379 1556 libello
410 1493 448 1556 de
476 1493 553 1576 fuga
581 1493 699 1557 saeculi
729 1493 903 1558 consociati
930 1493 1089 1576 leguntur.
1118 1492 1150 1554 in
1182 1489 1253 1555 aliis

108 1596 157 1660 his
190 1598 401 1680 praemissum
433 1598 577 1663 inuenies
609 1600 727 1663 librum
758 1601 894 1682 priorem
928 1600 965 1664 de
998 1599 1167 1677 Abraham,
1202 1599 1254 1662 ad·

104 1703 232 1779 junctos
251 1704 377 1770 libellos
398 1705 435 1769 de
454 1706 568 1790 loseph
589 1710 620 1770 et
640 1706 677 1770 de
696 1707 972 1771 benedictionibus
991 1706 1251 1790 patriarcharum.

649 2005 706 2068 111.

153 2299 214 2366 Sed
236 2300 299 2364 iam
323 2300 361 2364 ad
385 2301 480 2365 aliam
502 2321 568 2365 rem
593 2301 815 2383 expediendam
840 2321 897 2366 nos
921 2302 1135 2386 accingamus,
1156 2306 1193 2367 ut
1212 2304 1250 2368 de

105 2406 258 2470 librorum
291 2407 346 2488 qni
378 2407 438 2471 hoc
473 2408 636 2471 uolumine
669 2407 869 2472 continentur
897 2409 1126 2491 compositione
1156 2411 1250 2476 etde

104 2513 245 2578 fontibus
280 2513 395 2596 quibus
432 2513 620 2578 Ambrosius
658 2533 737 2579 usus
777 2517 825 2579 est
862 2519 1042 2598 exponatur.
1081 2519 1176 2598 atque
1213 2522 1252 2582 ut

105 2621 246 2685 ordinem
270 2640 331 2686 nsu
355 2623 517 2702 receptum
543 2641 722 2704 sequamur,
747 2622 785 2687 de
811 2641 846 2687 eo
872 2642 973 2705 opere,
999 2623 1082 2705 quod
1109 2624 1249 2707 primum

103 2727 209 2792 locum
242 2728 373 2805 obtinet,
403 2731 475 2792 unte
505 2729 609 2792 omnia
636 2728 950 2793 animaduertendum
975 2729 1079 2793 estid
1102 2730 1134 2793 in
1157 2731 1250 2796 libris

1 2887 3 2892 .
104 2834 219 2916 quibus
252 2834 431 2898 continetur
464 2835 608 2899 omnibus
645 2836 862 2900 Erameron
899 2835 1040 2900 inscribi.
1072 2837 1248 2902 Exameron

102 2940 211 3024 igitur,
245 2960 306 3005 non
339 2943 565 3019 Hexaemerom
600 2942 628 3006 si
661 2942 736 3026 quid
768 2943 858 3007 libris
892 2943 1095 3007 tribuendum
1128 2947 1186 3025 est,
1215 2945 1249 3010 id

101 3049 268 3112 uocauisse
310 3048 437 3112 uidetur
476 3048 675 3128 Ambrosius
718 3069 909 3133 quamquam
950 3049 1106 3114 Basilium
1147 3051 1250 3117 forma

100 3150 289 3238 Ἓέαήμερον
317 3174 413 3219 usum
442 3175 511 3221 esse
540 3176 576 3220 ea
605 3176 684 3239 quae
712 3156 744 3220 in
773 3156 936 3221 codicibus
960 3156 1062 3220 ueluti
1085 3157 1247 3224 Parisiaco

8 3314 13 3325 .
102 3278 148 3342 gr.
167 3260 262 3338 1753,
278 3281 372 3342 quem
386 3262 455 3346 ipse
470 3263 601 3341 contuli,
616 3263 790 3345 praemissa
806 3265 879 3326 sunt
894 3265 1067 3328 testantur:
1084 3259 1247 3327 Boudeion

101 3362 334 3451 ἀρχιεπισαὸπαυ
376 3366 564 3453 Καισαρείας
606 3365 829 3440 Καππαδοκίας
874 3367 918 3440 εἰς
963 3369 1015 3453 τὴν
1056 3366 1247 3454 Ἕξαήμερον

101 3467 203 3555 ὁμιλία
227 3477 264 3536 αἴ
279 3473 314 3558 1).
338 3475 494 3540 Basilium
516 3496 549 3541 se
572 3477 732 3542 imitatum
762 3497 831 3543 esse
853 3477 885 3541 in
908 3479 968 3542 hoc
993 3497 1085 3559 opere
1109 3475 1247 3541 conscri-

99 3578 200 3644 bendo
220 3581 307 3645 nullo
331 3583 401 3647 loco
422 3583 500 3646 dixit
517 3582 706 3648 Ambrosius
725 3604 826 3666 neque
846 3585 914 3650 eius
934 3585 1032 3649 ullam
1051 3585 1246 3649 mentionem

99 3805 291 3876 expediendam
318 3811 381 3862 sunt
407 3825 438 3862 ea
464 3826 532 3878 quae
556 3809 589 3864 de
612 3809 747 3864 Abraham
772 3811 833 3874 527,
859 3811 891 3864 15
915 3816 943 3864 et
965 3812 1026 3874 564,
1051 3812 1085 3865 14
1106 3811 1244 3881 leguntur,

100 3895 196 3962 quibus
224 3896 259 3949 ad
285 3897 347 3951 libri
377 3899 487 3952 alterins
515 3899 548 3952 de
577 3916 686 3953 excessu
713 3898 804 3953 fratris
832 3903 897 3953 sect.
927 3900 961 3954 96
992 3899 1120 3968 (decessit
1152 3903 1243 3953 entem

97 3984 144 4037 ille
173 4001 196 4037 a.
227 3984 455 4052 CCCLXXVHII,
484 3988 517 4042 cf.
544 3988 604 4042 Ihm
632 4006 658 4059 p.
686 3990 732 4059 37)
760 3991 788 4042 et
814 3989 878 4042 libri
906 3989 939 4042 de
965 3988 1090 4059 paradiso
1116 3993 1182 4043 sect.
1209 3990 1240 4044 ll

97 4090 229 4127 rercrmur.

145 4164 163 4230 ¹)
180 4164 258 4233 epist.
272 4166 316 4228 43,
333 4168 345 4220 1
366 4167 393 4220 in
414 4165 551 4221 codicibus
571 4168 671 4238 legitur
688 4164 892 4230 ΕΞΑΗΜΕΡω,
908 4169 986 4238 epist.
1002 4169 1045 4234 45,
1062 4169 1076 4221 1
1092 4168 1240 4222 ‘Examero'

98 4255 126 4306 et
144 4252 318 4307 ‘Exameron'.
