2858 4824
560 358 779 411 Praefatio.
1178 361 1237 425 XV

88 556 123 620 in
152 557 303 619 Examero
336 573 398 617 uon
426 555 627 635 respexisset.
663 573 698 617 66
725 575 757 618 16
786 574 862 618 6616
889 555 1093 618 161166166161
1121 555 1148 618 61
1176 573 1236 618 666

90 663 203 740 multa,
234 666 266 726 at
293 664 397 724 tamen
427 661 550 742 aliquot
577 661 725 744 uestigia,
755 663 872 742 quibus
901 662 1069 726 edocemur
1096 662 1148 725 hic
1171 661 1238 726 illic

91 768 236 833 Philonis
269 768 366 831 libros
401 767 437 829 de
467 767 591 849 opificio
620 768 739 845 mundi,
751 769 775 853 1)
805 769 842 831 de
872 769 1056 833 aeternitate
1081 769 1238 852 mundi,²)

92 874 129 938 de
162 873 407 957 prorridentia‚³)
437 874 475 937 de
507 875 577 937 uita
603 872 761 959 Moysis4)
791 875 819 938 ei
852 879 922 939 ante
955 877 1064 960 oculos
1095 879 1237 940 uersatos

91 1000 173 1045 esse.
204 982 255 1045 his
285 982 362 1045 adde
388 982 530 1045 eiusdem
554 982 680 1059 librum,
706 984 760 1063 qui
783 984 865 1046 teste
890 983 1027 1046 Eusebio
1050 983 1134 1047 Hist.
1160 985 1237 1047 eccl.

88 1088 122 1152 Π
148 1089 188 1151 18
217 1085 416 1170 Ἀλέξανδρος
438 1084 457 1172 ἢ
482 1089 548 1169 11661
569 1097 621 1150 rob
644 1087 735 1167 λόγον
760 1086 840 1173 ἔχειν
863 1091 900 1150 τὰ
923 1086 1019 1167 ἄλογα
1044 1089 1238 1171 1166166611-

91 1196 191 1270 bitur;
217 1195 432 1258 6616611166
458 1213 582 1276 quoque
606 1194 636 1256 16
661 1194 782 1258 naturis
810 1194 992 1258 animalium
1023 1196 1237 1260 describendis

88 1300 281 1366 Arnbrosius
306 1301 460 1383 quaedam
484 1301 630 1365 hausisse
654 1300 789 1363 uidetur.
801 1298 826 1386 ⁵)
851 1300 972 1378 deinde,
998 1321 1060 1383 qua
1079 1302 1117 1366 de
1136 1322 1168 1366 re
1187 1323 1239 1367 me

90 1408 248 1472 Hemicus
281 1407 366 1471 filius
401 1407 537 1483 edocuit,
562 1408 611 1470 bis
646 1407 684 1470 ad
714 1408 886 1471 orationem
916 1409 1122 1473 exornandam
1150 1409 1238 1473 locos

90 1535 127 1579 ex
156 1515 361 1579 altercatione
390 1514 541 1578 Hadriani
565 1517 597 1577 et
620 1514 757 1594 Epicteti
788 1514 856 1577 siue
880 1514 987 1595 potius
1012 1513 1148 1578 Secundi
1171 1515 1238 1597 phi-

90 1622 218 1703 losophi
243 1619 296 1706 (cf.
321 1621 714 1705 MullachF1·agm.phil.
740 1620 849 1685 Graec.
874 1623 889 1684 l
914 1622 991 1705 518)
1015 1622 1159 1700 intexuit,
1186 1623 1237 1697 71,

91 1730 224 1807 aeto,
252 1728 308 1792 ubi
340 1729 435 1792 maris
468 1729 672 1810 pulchritudo
707 1729 906 1803 describitur,
941 1733 973 1793 et
1001 1732 1075 1806 111,
1106 1731 1143 1792 21
1180 1749 1237 1812 sq,

91 1837 147 1900 ubi
177 1835 255 1899 solis
283 1834 393 1898 laudes
423 1835 630 1898 celebrantur.
664 1839 712 1898 ter
736 1855 771 1898 ex
794 1835 1011 1916 Xenophontis
1037 1835 1157 1900 Comm.
1184 1834 1238 1900 So-

90 1943 188 2007 cratis
212 1941 356 2004 1164
379 1941 467 2005 locos
492 1944 657 2006 mutuatus
683 1945 731 2005 est
751 1941 842 2027 (165,
862 1945 896 2018 33
923 1944 997 2021 249,
1019 1944 1075 2019 14;
1097 1944 1171 2020 259,
1193 1942 1237 2027 7),

92 2048 177 2131 quod
203 2050 299 2130 caput
323 2049 509 2112 adulescens
533 2049 579 2111 116
599 2049 766 2132 diligenter
784 2049 902 2133 legisse
922 2050 1058 2126 uidetur,
1080 2053 1117 2113 ut
1134 2052 1238 2113 totum

91 2155 276 2219 memoriter
291 2157 564 2236 complecteretur.
586 2156 642 2219 sed
656 2155 814 2219 exciderat
833 2175 867 2219 ex
888 2156 956 2218 eius
976 2159 1080 2219 mente
1100 2156 1238 2219 auctoris

88 2262 194 2343 ipsius
218 2261 379 2339 memoria,
404 2262 437 2324 id
461 2261 546 2341 quod
570 2262 700 2343 adparet
723 2281 759 2324 ex
783 2263 827 2325 eis
852 2281 931 2343 quae
955 2262 986 2325 in
1009 2263 1089 2325 libro
1114 2262 1152 2325 de
1170 2262 1238 2326 Noe

91 2372 123 2446 8,
148 2370 192 2431 24
215 2369 375 2452 leguntur.
401 2388 472 2432 eum
499 2369 582 2431 enim
606 2369 652 2431 ibi
674 2369 841 2434 Philonem
866 2368 994 2448 Quaest.
1014 2369 1046 2432 in
1071 2368 1148 2433 Gen.
1168 2369 1238 2432 116

91 2478 224 2541 6666166
259 2475 393 2539 eundem
417 2476 589 2557 66661111.
615 2475 659 2538 Vl
683 2477 713 2552 9,
740 2478 779 2539 72
805 2475 951 2539 adhibuit
972 2477 1080 2541 locum
1104 2494 1239 2539 comme-

91 2583 294 2658 morauisset,
317 2582 463 2646 Philonis
487 2583 594 2646 uerbis
614 2579 777 2666 Σωκράτης
801 2587 875 2668 ppei
899 2582 1050 2664 deceptus
1076 2601 1111 2645 66
1131 2581 1239 2646 Socra-

89 2693 157 2752 tem
178 2690 210 2753 in
232 2688 367 2771 quodam
386 2689 529 2752 Platonis
548 2689 628 2753 libro
648 2689 785 2770 proferre
806 2690 951 2770 opinatus
973 2691 1031 2753 661.
1058 2686 1238 2754 Ciceronem

91 2800 200 2858 autem
233 2814 328 2877 quam
362 2795 504 2859 studiose
537 2795 732 2859 lectitauerit
763 2795 857 2859 multi
885 2795 958 2872 loci,
988 2797 1103 2877 quibus
1132 2797 1239 2861 uerbis

139 3020 157 3088 ¹)
177 3038 202 3074 u.
222 3038 249 3090 p.
275 3021 336 3085 231,
362 3023 395 3074 21
423 3038 475 3089 quo
500 3022 560 3076 loco
588 3026 680 3090 666116
703 3023 781 3076 Philo
805 3024 992 3093 impugnatum·
1016 3022 1048 3077 cf.
1067 3023 1194 3077 Foerster
1212 3041 1237 3093 p.

90 3110 154 3173 291,
179 3110 240 3163 6116.
265 3110 308 3166 23.
332 3128 392 3164 1616
409 3111 488 3163 Philo
513 3112 620 3180 saepius
643 3111 715 3164 binis
739 3113 784 3164 uel
803 3113 884 3164 etiam
904 3112 1026 3181 pluribus
1044 3113 1111 3166 locis
1132 3111 1239 3165 easdem

90 3215 135 3252 nes
158 3200 327 3262 tractauerit,
352 3216 552 3268 nonnumquam
576 3217 640 3253 sane
665 3199 784 3252 dubitari
807 3204 899 3268 potest
924 3217 1003 3269 quem
1021 3202 1109 3254 locum
1128 3218 1156 3253 re
1175 3217 1240 3253 uera

92 3288 252 3341 Ambrosius
275 3288 429 3356 respexerit.
457 3292 575 3341 ceterum
598 3289 643 3342 hio
667 3288 763 3343 addam
787 3306 829 3343 me
852 3291 880 3342 16
899 3290 1021 3343 Ρ11116616
1044 3290 1111 3343 16616
1135 3290 1239 3358 signifi-

90 3376 186 3431 candis
206 3377 339 3430 sectiones
359 3378 469 3445 quaein
485 3378 650 3431 E.Richteri
669 3379 787 3432 editione
807 3379 933 3447 leguntur
952 3378 1113 3432 indicauisse
1132 3380 1239 3448 paginis

90 3465 173 3518 simul
197 3465 374 3534 uersibusque
399 3466 525 3519 editionis
544 3465 721 3536 Mangeianae
745 3467 885 3537 adpositis.
912 3468 1017 3530 deinde,
1041 3467 1087 3520 ubi
1111 3468 1239 3520 editionis

90 3572 108 3608 a
122 3554 261 3624 Leopoldo
276 3555 350 3611 Oohn
371 3560 398 3608 et
416 3556 500 3608 Paulo
520 3556 673 3609 Wendland
690 3560 801 3625 paratae
820 3558 945 3610 uolumen
964 3558 1079 3627 primum
1097 3557 1126 3609 in
1144 3574 1239 3610 manus

92 3643 170 3697 uenit
189 3675 223 3682 —
242 3647 300 3697 tum
325 3650 415 3697 autern
437 3645 491 3696 iarn
515 3662 568 3698 nou
592 3662 692 3714 paucae
716 3647 817 3714 primae
841 3646 927 3714 partis
950 3646 1076 3713 plagulae
1101 3648 1129 3698 et
1152 3647 1239 3698 multo

91 3732 184 3801 616166
204 3733 285 3786 etiam
305 3732 416 3786 alterius
435 3734 506 3802 typis
526 3735 673 3803 exscriptae
698 3737 775 3787 61661
794 3765 836 3798 -,
854 3734 934 3787 116166
958 3737 1071 3803 paginas
1095 3738 1123 3788 61
1146 3751 1239 3788 661666

90 3821 221 3875 indicaui.
247 3823 373 3876 uolumen
402 3839 465 3876 uero
494 3823 608 3877 alterum
636 3827 750 3892 utroque
779 3823 885 3888 demum
909 3827 983 3877 torno
1013 3824 1140 3878 editionis
1163 3840 1240 3877 meae

90 3911 149 3964 fere
169 3909 294 3965 absoluto
314 3913 413 3981 accepi.

139 3998 150 4032 ²
181 3999 214 4053 cf.
234 4001 259 4062 4,
280 4003 304 4055 5.

139 4088 160 4155 ³)
181 4089 213 4144 cf.
236 4090 295 4146 119.
315 4091 330 4143 9
350 4096 378 4143 et
399 4092 459 4157 126,
478 4095 502 4146 5.

139 4177 160 4242 ⁴)
182 4177 216 4230 cf.
235 4181 260 4241 5,
282 4179 323 4232 19.

139 4267 160 4335 ⁵)
180 4268 241 4330 212,
261 4269 307 4332 23;
328 4269 388 4332 219,
409 4271 438 4333 3;
459 4270 518 4333 222,
538 4270 562 4323 8.
