2858 4824
95 315 171 379 VIII
558 312 777 369 Praefatio.

96 508 256 574 ablutione
291 511 463 572 renouata'.
501 508 622 589 primus
661 508 761 592 igitur
802 512 834 572 et
875 510 954 572 alter
996 529 1098 574 sermo
1141 512 1243 593 primo

96 616 163 680 eius
188 614 395 679 hebdomadis
421 615 470 678 die
494 615 618 678 recitati
643 618 726 693 suut,
751 634 852 679 nonus
873 615 922 679 die
944 620 1032 681 sexto
1053 620 1124 681 ante
1145 618 1245 681 domi-

96 722 209 786 nicam.

141 828 299 892 Libellum
324 829 368 893 de
393 827 583 911 paradiso
603 827 793 892 Ambrosius
817 829 847 892 in
873 829 1010 911 epistula
1034 829 1071 894 ad
1093 829 1244 896 Sabinum

96 935 194 999 missa
222 932 289 1022 (45,
320 933 352 1019 1)
383 954 415 998 se
442 934 506 998 iam
535 934 656 998 dudum
685 934 853 1017 scripsisse
885 936 1025 1000 nondum
1057 940 1244 1002 ueteranum

98 1042 293 1107 sacerdotem
323 1041 477 1106 adfirmat.
512 1041 627 1122 quibus
655 1040 687 1104 in
716 1041 823 1105 uerbis
851 1041 924 1104 ‘iam
953 1042 1084 1106 dudum’
1111 1045 1246 1108 refertur

98 1150 136 1213 ad
173 1153 312 1230 tempus,
351 1148 433 1229 quod
471 1148 554 1211 inter
589 1147 686 1212 liuius
724 1148 795 1211 libri
835 1151 866 1211 11
898 1149 1041 1212 Exameri
1074 1150 1245 1216 editionem

98 1257 287 1321 intercessit.
321 1257 417 1321 simul
451 1257 620 1320 edocemur
651 1255 805 1333 libellum,
840 1274 912 1319 cum
946 1256 983 1320 ab
1013 1256 1180 1322 Ambrosio
1212 1258 1244 1322 in

97 1363 261 1446 publicum
291 1363 400 1427 datum
430 1366 525 1438 esset,
556 1382 617 1427 non
647 1361 683 1425 ad
713 1362 886 1426 multorum
911 1363 1076 1427 hominum
1099 1363 1246 1428 notitiam

97 1470 292 1554 peruenisse.
326 1472 409 1534 certe
439 1469 575 1535 Sabinus
605 1488 640 1532 er
675 1469 812 1550 epistula
845 1470 970 1533 demum
1003 1470 1060 1534 illa
1093 1471 1247 1552 comperit

98 1576 302 1641 Ambrosium
335 1595 403 1640 eam
436 1595 502 1638 rem
532 1575 613 1639 libro
648 1575 801 1658 singulari
832 1576 1058 1641 illustrauisse.
1091 1577 1246 1659 scriptum

99 1687 203 1748 autem
233 1703 304 1748 csse
333 1683 417 1747 hunc
445 1683 591 1746 libellum
620 1686 691 1746 autc
721 1685 911 1765 opusculum
940 1683 977 1747 de
1002 1681 1078 1746 Cain
1112 1686 1143 1747 et
1166 1683 1246 1747 Abel

99 1791 261 1874 colligitur
289 1809 324 1853 er
352 1791 398 1854 eis
429 1809 508 1871 quae
535 1789 568 1852 in
596 1789 693 1853 huius
723 1790 869 1872 opusculi
898 1789 1057 1872 prooemio
1081 1789 1244 1872 leguntur:

99 1897 147 1960 ‘de
176 1896 320 1978 paradiso
349 1896 381 1960 iu
410 1895 628 1979 superioribus
657 1915 712 1979 pro
746 1900 840 1977 captu
873 1899 981 1961 nostro
1013 1898 1051 1960 ut
1081 1895 1245 1978 potuimus

100 2003 184 2085 quod
208 2003 354 2068 dominus
378 2002 505 2078 infudit,
531 2022 643 2067 sensus
668 2004 791 2067 inuenit
814 2003 1028 2086 digessimus‘.
1052 2001 1245 2080 meminus,

101 2128 174 2173 cum
192 2109 381 2174 Ambrosius
405 2109 437 2173 in
461 2109 534 2173 libri
559 2110 690 2173 alterius
715 2110 753 2174 dc
772 2109 929 2173 Abraham
955 2109 1078 2174 exordio
1103 2109 1178 2186 564,
1204 2109 1246 2171 14

100 2234 157 2280 nos
182 2217 220 2279 ad
245 2236 281 2281 ea
303 2218 433 2281 reuocet
456 2235 535 2300 quae
559 2220 590 2280 in
613 2216 715 2280 libelli
739 2216 777 2279 de
801 2216 945 2299 paradiso
971 2217 1110 2281 sectione
1136 2217 1174 2278 11
1198 2234 1247 2278 cr-

100 2322 206 2403 posita
229 2325 315 2401 sunt,
340 2324 535 2404 exploratum
561 2325 609 2386 est
633 2322 715 2385 hunc
739 2322 830 2385 illum
854 2326 996 2404 tempore
1023 2321 1245 2404 praecessisse.

101 2427 164 2491 iam
188 2429 217 2492 si
240 2449 275 2493 ea
300 2429 433 2512 quaein
457 2429 619 2511 prooemio
643 2428 715 2492 libri
745 2429 783 2492 de
812 2427 906 2493 Cain
936 2432 975 2492 11
1001 2428 1101 2493 Abel
1129 2429 1247 2510 scripta

102 2537 177 2598 sunt
200 2536 397 2618 inspicimus,
418 2538 506 2618 patet
524 2534 729 2599 Ambrosium
748 2534 857 2598 libello
878 2535 915 2598 de
934 2535 1078 2617 paradiso
1099 2535 1246 2600 absoluto

101 2641 250 2708 continuo
280 2661 353 2707 eum
383 2661 444 2724 quo
470 2643 507 2705 de
530 2641 681 2706 fratribus
705 2641 770 2704 illis
795 2641 931 2724 geminis
956 2642 1155 2723 expositurus
1181 2644 1248 2705 erat

101 2749 287 2832 adgressum
317 2768 398 2816 esse.
432 2749 528 2813 simul
556 2769 592 2812 ex
621 2749 666 2813 eis
697 2768 777 2831 quae
800 2749 832 2812 iu
855 2749 935 2813 libro
961 2749 998 2812 de
1021 2749 1247 2813 incarnationis

101 2855 275 2920 dominicae
299 2859 494 2921 sacramento
519 2854 611 2941 (sect.
637 2854 670 2940 2)
694 2855 858 2938 leguntur:
882 2856 1000 2938 ‘itaque
1025 2855 1064 2919 ad
1086 2856 1167 2919 istos
1192 2856 1247 2937 qui

100 2962 256 3044 propositi
289 2965 363 3027 sunl
397 2962 602 3027 deflectamus
636 2962 811 3045 agricolas,
849 2963 964 3044 quibus
999 2962 1074 3028 Cain
1108 2966 1140 3025 et
1166 2962 1247 3026 Abel

101 3069 327 3152 significantur,
364 3070 443 3133 bene
482 3070 684 3133 coniecerunt
719 3069 857 3132 Maurini
895 3087 968 3132 eum
1005 3088 1067 3151 quo
1103 3071 1246 3149 tempore

100 3176 185 3240 huno
216 3176 333 3240 librum
367 3176 613 3241 elaborabat-
638 3175 698 3240 hoc
732 3177 781 3239 est
812 3175 895 3240 intra
927 3195 1023 3240 annos
1053 3174 1246 3241 CCCLXXX

101 3285 134 3346 et
165 3281 406 3348 CCCLXXXlll
429 3319 474 3328 -
498 3283 688 3364 opusculum
718 3282 800 3346 illud
831 3283 863 3346 in
902 3283 1048 3346 manibus
1085 3282 1246 3346 habuisse.

102 3390 236 3472 denique
268 3391 352 3454 idem
386 3388 677 3454 animaduerterunt
710 3389 754 3453 eis
783 3409 863 3471 quac
892 3392 997 3454 extant
1024 3390 1056 3453 in
1083 3389 1184 3452 libelli
1209 3388 1246 3451 de

102 3497 375 3563 benedictionibus
390 3497 636 3580 patriarcharum
657 3497 796 3562 sectione
817 3498 857 3560 55
877 3498 978 3561 ‘omne
999 3498 1081 3560 enim
1101 3498 1246 3560 sanctum

101 3605 359 3689 primogenitum,
394 3605 478 3669 sicut
510 3604 587 3668 alibi
619 3603 918 3668 demonstrauimus
950 3603 1064 3685 respici
1098 3621 1177 3683 quae
1214 3601 1246 3665 in

100 3712 174 3777 libri
206 3712 336 3776 alterius
369 3712 407 3776 de
441 3710 516 3776 Cain
550 3714 582 3775 11
609 3710 689 3774 Abel
727 3711 921 3776 sectionibus
952 3711 980 3774 7.
1011 3711 1041 3774 8.
1073 3710 1114 3772 13
1139 3708 1246 3791 dispu-

102 3822 169 3883 tata
193 3823 277 3885 sunt.

148 3925 345 4009 Opusculum
370 3926 407 3991 de
430 3926 510 3990 Noe
535 3945 568 3991 se
593 3924 811 4007 composuisse
829 3924 1017 3989 Ambrosius
1040 3926 1178 3988 testatus
1198 3925 1248 3986 est

104 4054 139 4098 ea
163 4037 276 4113 111111,
301 4052 363 4115 qua
386 4032 529 4096 maximis
555 4031 818 4116 grauissimisque
839 4029 1107 4094 sollicitudinibus
1126 4047 1246 4112 preme-

101 4143 204 4206 batur.
238 4161 300 4223 qua
328 4141 366 4205 de
394 4160 427 4205 re
455 4140 486 4203 in
517 4139 641 4204 exordio
666 4139 743 4204 haec
768 4138 859 4202 dixit:
889 4137 1031 4220 ‘dignum
1056 4140 1164 4199 estut
1188 4155 1245 4200 nos

104 4267 229 4333 quoque
258 4267 329 4313 eum
356 4245 452 4332 (Noe)
481 4246 697 4311 describamus
726 4244 765 4308 ad
796 4244 1007 4309 imitationem
1040 4243 1181 4308 omnium
1215 4249 1247 4307 ct
