2858 4824
560 390 679 444 Praei
688 391 743 444 611
755 407 778 444 6.
1065 392 1245 459 LXXVIIII

98 589 261 652 saeculum
288 587 451 669 scriptoris
476 585 661 671 grauissimi
683 585 789 669 imago
814 584 988 650 deformata
1013 589 1107 668 atque
1133 587 1245 651 obscu-

96 700 165 759 rata
192 695 327 771 iacebat,
352 697 446 776 atque
474 692 606 757 mirifice
633 711 695 757 non
725 692 829 756 solum
858 693 895 756 de
919 693 1098 769 Ambrosio,
1128 693 1182 757 sed
1207 694 1244 759 de

96 802 231 866 ueritate
268 802 338 882 ipsa
374 802 433 865 hac
471 801 608 865 editione
640 799 772 864 Parisiis
810 800 899 863 annis
932 799 1185 865 MDCLXXXVI
1213 807 1245 865 61

96 908 334 974 MDOLXXXX
349 909 467 972 emissa
480 911 671 972 meruerunt.
687 907 802 971 etenim
817 906 935 970 reiecta
953 906 1089 972 editione
1104 908 1245 972 Romana

97 1016 135 1080 ab
160 1035 197 1079 66
221 1035 316 1098 quam
350 1015 490 1080 Gilotius
524 1017 689 1078 curauerat
720 1014 854 1097 profecti
886 1014 1047 1079 Ambrosii
1079 1035 1173 1098 opera
1205 1016 1243 1079 ad

96 1122 190 1187 fidem
217 1122 372 1187 librorum
400 1141 496 1185 manu
525 1121 726 1202 scriptorum,
757 1138 835 1201 quos
869 1124 986 1202 quanta
1020 1141 1127 1186 eorum
1161 1142 1244 1186 eom·

95 1229 306 1308 parandorum
336 1227 382 1292 eis
410 1228 546 1291 facultas
575 1231 607 1291 61
635 1226 726 1309 copia
750 1227 823 1290 data
846 1231 922 1304 erat,
946 1228 978 1291 in
1004 1227 1110 1292 Gallia
1121 1227 1145 1313 1)
1171 1248 1243 1293 con·

96 1335 233 1415 quisitos
267 1334 530 1411 examinauerant
559 1334 592 1396 iu
621 1333 786 1415 antiquum
818 1334 952 1398 nitorem
981 1337 1149 1400 restituere
1177 1339 1241 1400 stu-

96 1442 241 1506 duerunt.
267 1442 384 1525 quain
407 1461 441 1505 16
465 1441 493 1506 61
516 1459 578 1505 666
606 1460 676 1504 eam
705 1459 767 1521 qua
790 1459 873 1504 11666
903 1440 1046 1504 homines
1071 1442 1186 1506 eruditi
1209 1442 1241 1505 in

94 1549 153 1613 tali
179 1569 309 1614 munere
337 1547 585 1613 administrando
613 1550 748 1610 utuntur
775 1547 929 1611 rationem
963 1547 1185 1626 adhibuerunt,
1215 1549 1241 1612 si

97 1676 159 1720 non
175 1675 299 1739 semper
315 1655 441 1720 codices
458 1653 698 1719 uetustissimos
718 1656 881 1734 tamquam
900 1659 1003 1719 certos
1024 1654 1121 1719 duces
1141 1656 1243 1719 secuti

96 1768 172 1828 sunt
194 1782 296 1845 neque
320 1762 359 1826 ad
383 1781 492 1826 eorum
516 1780 658 1826 normam
687 1761 875 1843 scripturam
903 1764 1003 1824 totam
1028 1763 1241 1826 conformaue·

94 1874 179 1946 runt,
204 1869 260 1934 sed
284 1889 337 1934 eos
361 1869 393 1932 in
418 1869 540 1950 aliquot
562 1872 686 1932 tautum
709 1867 790 1931 locis
815 1867 1019 1933 emendandis
1039 1877 1242 1950 respexerunt

95 1977 210 2041 ceteris
238 1977 283 2040 ita
311 1979 348 2039 ut
376 1975 500 2058 uulgati
528 1978 617 2038 erant
644 1973 775 2049 relictis,
805 1974 832 2038 si
861 1973 996 2056 denique
1023 1975 1180 2040 interdum
1208 1975 1241 2040 in

95 2083 283 2165 corruptelis
308 2082 456 2146 sanandis
481 2081 644 2146 codicibus
663 2081 903 2159 recentioribus,
923 2082 955 2145 in
975 2082 1090 2164 quibus
1109 2083 1241 2147 uulnera

92 2190 294 2254 librariorum
327 2188 472 2254 socordia
503 2188 593 2252 illata
627 2187 816 2252 coniecturis
853 2189 906 2251 uel
942 2188 1240 2270 interpolationibus

93 2299 180 2360 tecta
203 2300 287 2373 6661,
313 2296 528 2376 obtemperare
552 2300 648 2375 quam
673 2314 708 2358 er
733 2295 947 2377 antiquiorum
975 2297 1124 2381 uestigiis
1151 2297 1240 2361 lecti-

95 2422 170 2467 ones
204 2421 368 2486 germauas
401 2420 509 2466 616616
541 2403 731 2481 1661661661,
756 2402 833 2465 haec
868 2404 974 2466 omnia
1005 2423 1066 2467 non
1099 2407 1165 2468 tam
1193 2404 1238 2468 eis

93 2512 206 2592 culpae
238 2510 389 2574 uertenda
421 2512 496 2574 suut
520 2528 614 2591 quam
638 2509 714 2572 artis
748 2528 827 2590 quae
860 2513 929 2572 tum
963 2511 1149 2592 plerumque
1174 2513 1240 2574 erat

93 2616 276 2681 condicione
309 2616 494 2679 excusanda.
528 2620 612 2679 certe
642 2633 702 2678 non
731 2615 759 2679 is
788 2635 860 2679 sum
884 2617 939 2698 qui
961 2617 1039 2680 uiris
1063 2617 1128 2680 illis
1154 2635 1238 2699 egre-

93 2725 144 2808 gie
181 2722 303 2788 meritis
342 2722 503 2786 detrahere
540 2723 639 2786 uelim
675 2722 851 2786 lacerantem
892 2724 989 2803 copiti
1029 2723 1128 2787 616116
1170 2744 1239 2787 cum

91 2831 184 2893 londa
220 2849 374 2893 coronam.
413 2848 448 2893 66
480 2829 597 2893 uellem
630 2848 704 2893 sane
741 2833 779 2892 61
814 2830 894 2893 mihi
930 2831 1146 2895 Maurinorum
1186 2831 1238 2895 ad·

92 2941 203 3018 paratu
226 2937 276 3000 uti
297 2936 459 3013 licuisset3
483 2955 556 2999 nam
576 2954 612 2999 eo
631 2935 776 3016 iuspecto
802 2936 840 2999 de
865 2936 1027 3000 codicibus
1047 2937 1238 3019 quibusdam

93 3044 131 3108 ab
156 3044 221 3107 illis
246 3043 408 3119 adhibitis,
433 3061 513 3124 quos
536 3041 656 3105 frustra
679 3042 833 3123 quaesiui,
859 3043 937 3106 certi
963 3043 1075 3108 iudicii
1102 3043 1238 3108 faciendi

92 3151 171 3213 mihi
194 3149 330 3213 facultas
356 3149 429 3213 data
452 3152 548 3213 esset.
572 3148 628 3212 sed
652 3167 841 3230 quamquam
861 3149 977 3214 litteris
997 3150 1105 3214 missis
1124 3151 1157 3214 id
1176 3151 1237 3234 egi,

91 3260 128 3321 ut
152 3258 267 3321 certior
288 3256 396 3320 fierem
420 3276 497 3320 num
520 3255 652 3320 Parisiis
676 3256 786 3319 autin
812 3256 873 3322 alio
900 3257 1021 3322 Galliae
1046 3258 1161 3339 oppido
1186 3258 1237 3322 hic

92 3362 262 3445 adparatus
297 3364 477 3426 etiamnunc
511 3365 639 3440 extaret,
672 3362 756 3426 idem
797 3382 921 3446 semper
956 3383 1144 3446 responsum
1176 3365 1238 3428 tuli

90 3470 216 3533 uallum
231 3470 299 3532 6166
319 3469 494 3553 uestigium
513 3469 659 3533 inueniri.
678 3470 771 3553 longe
791 3471 910 3534 maiora
928 3475 1034 3535 autem
1054 3472 1120 3535 sine
1141 3471 1236 3536 dubio

91 3577 308 3641 Maurinorum
334 3576 371 3640 de
396 3577 466 3640 aliis
491 3577 633 3660 patribus
656 3578 778 3642 Latinis
804 3582 897 3660 atque
921 3579 1088 3661 inprimis
1113 3582 1151 3643 de
1174 3580 1236 3643 Au-

91 3685 219 3767 gustino
243 3684 357 3747 merita
381 3687 457 3747 suut
479 3702 572 3765 quarn
598 3686 635 3749 de
659 3685 837 3749 Ambrosio.
864 3705 943 3768 quae
966 3706 1016 3750 res
1040 3687 1174 3750 fortasse
1199 3707 1235 3750 66

91 3788 275 3871 explicanda
294 3790 453 3872 estquod
472 3791 607 3855 Iacobus
628 3792 669 3854 du
689 3792 800 3855 Frisoh
821 3795 852 3856 61
870 3793 1022 3858 Nicolaus
1043 3794 1080 3856 de
1099 3794 1234 3876 Nourry,

91 3896 207 3977 quibus
230 3897 392 3961 Ambrosii
421 3916 550 3978 operum
580 3898 771 3962 edendorum
801 3919 875 3963 cura
903 3900 1052 3963 mandata
1075 3903 1150 3977 erat,
1174 3901 1235 3981 pri-

89 4023 178 4066 mum
215 4005 310 4084 paulo
348 4004 549 4068 festinantius
582 4005 663 4069 hanc
695 4006 891 4088 prouinciam
925 4006 1233 4082 administrauerunt,

135 4133 155 4200 ¹)
176 4151 238 4188 116111
257 4137 365 4203 praeter
382 4135 466 4188 libros
486 4135 603 4189 Gallicos
624 4136 662 4188 eis
680 4135 811 4189 lectiones
830 4140 939 4189 tantum
964 4153 994 4190 ex
1019 4137 1160 4206 codicibus
1174 4137 1233 4203 qui-

90 4221 204 4275 busdam
223 4223 412 4292 bybliothecae
426 4225 575 4279 Uaticanae
590 4225 677 4293 iisque
692 4226 886 4279 recentioribus
901 4232 982 4294 atque
998 4224 1139 4279 deterioris
1152 4228 1232 4277 notae

92 4311 125 4364 ad
142 4328 238 4364 manus
257 4311 375 4366 fuerunt.
