2858 4824
600 337 819 393 Praefatio.
1045 361 1046 365 ¹
1239 343 1280 405 LI

175 531 314 595 Maurini
342 531 373 595 in
402 531 539 595 editione
569 531 748 597 adornanda
775 533 827 596 usi
856 536 931 596 sunt
957 532 1047 596 libris
1074 531 1138 611 GP,
1165 535 1280 599 Carnu·

132 639 225 720 tensi,
237 657 332 720 quem
347 638 392 702 eis
407 658 487 721 qnae
502 659 532 721 p.
543 639 678 703 XXXVI
693 639 763 702 adn.
780 641 798 700 2
815 658 851 702 er
864 639 919 703 illo
938 639 1112 704 adtulimus
1126 642 1280 723 respectis

133 749 203 810 ante
228 765 325 810 annos
350 744 457 810 DCCC
480 746 596 810 litteris
620 745 865 828 langobardicis
890 746 1043 829 scriptum
1068 766 1138 810 esse
1161 748 1281 830 opinati

133 855 217 931 sunt,
251 853 446 936 Benigniano
479 852 652 936 (Parisiaco
683 853 816 932 11624),
846 853 979 933 denique
1010 853 1163 917 tredecim
1197 855 1280 918 codi-

133 961 233 1038 cibus,
259 979 392 1042 quorum
415 959 524 1023 nullus
550 961 634 1023 certe
658 960 785 1023 saeculo
809 959 977 1024 undecimo
1003 960 1161 1042 antiquior
1186 964 1244 1038 est,
1256 960 1280 1046 ¹)

131 1067 273 1148 plerique
296 1065 451 1131 Manrinis
475 1065 554 1149 ipsis
579 1066 772 1129 testantibus
796 1066 997 1130 recentiores.
1031 1086 1126 1148 qnam
1150 1067 1189 1131 ob
1213 1088 1279 1132 rem

131 1192 192 1237 non
217 1177 267 1237 est
291 1172 375 1255 quod
400 1174 578 1271 accuratius
602 1173 633 1235 in
655 1193 709 1238 eos
728 1173 937 1254 inquiramus.
961 1192 1063 1254 neque
1082 1175 1119 1237 ut
1138 1173 1175 1236 de
1195 1175 1279 1238 codi-

131 1416 249 1470 stionnm
274 1433 355 1485 super
379 1417 478 1470 librum
505 1416 617 1470 Genesis
645 1433 675 1470 11
705 1416 785 1471 dictis
814 1420 968 1470 sanctorum
995 1419 1103 1486 patrum
1130 1417 1278 1486 Augustini

131 1503 256 1574 Gregorii
278 1505 429 1560 Hieronimi
451 1505 587 1559 Ambrosii
610 1505 710 1558 Hilarii
728 1505 849 1558 Hisidori
868 1505 996 1559 Eucherii
1021 1508 1049 1559 et
1067 1505 1168 1558 Iunilii'
1188 1506 1277 1558 medio

131 1609 198 1647 aeuo
217 1594 246 1647 in
265 1593 365 1648 scholis
385 1594 574 1649 adhibebatur.
594 1593 627 1647 de
648 1611 700 1664 quo
718 1594 770 1647 hoo
789 1594 848 1647 loco
863 1611 950 1665 pauca
963 1593 1088 1658 adiciam,
1107 1595 1223 1665 primum
1243 1612 1276 1648 ne

133 1683 192 1751 quis
211 1699 254 1736 me
273 1683 303 1736 in
321 1681 449 1736 subsidiis
468 1682 627 1752 colligendis
647 1684 705 1736 eius
724 1682 804 1752 plane
823 1684 1006 1736 immemorem
1024 1682 1107 1735 fuisse
1123 1683 1277 1744 arbitretur,

129 1774 188 1823 tum
208 1772 273 1841 quia
291 1787 361 1840 quae
379 1772 411 1824 R.
430 1772 528 1840 Peiper
546 1773 574 1823 in
593 1771 692 1824 Alcimi
710 1771 787 1825 Auiti
805 1773 833 1824 et
853 1772 979 1840 Cypriani
1002 1770 1167 1824 editionibus
1185 1790 1211 1842 p.
1231 1771 1278 1825 LV

130 1877 188 1930 sqq.
210 1863 238 1914 et
256 1878 282 1930 p.
301 1861 330 1914 11
349 1877 407 1930 sqq.
428 1860 460 1914 de
481 1877 512 1914 eo
536 1861 661 1930 exposuit
684 1877 737 1913 non
763 1861 834 1913 omni
855 1877 884 1913 11
903 1863 980 1929 parte
1000 1860 1123 1914 sufficere
1142 1861 1276 1914 uidentur.

130 1950 231 2002 etenim
257 1966 326 2018 quae
349 1949 470 2013 Martene
495 1953 523 2003 et
545 1949 657 2003 Durand
680 1949 708 2002 in
732 1949 834 2002 Anecd.
861 1949 920 2004 coll.
947 1949 1027 2019 ampl.
1048 1948 1129 2002 VIIII
1147 1951 1199 2003 295
1219 1966 1277 2018 sqq.

129 2038 301 2107 (LXXXXVI
320 2040 389 2093 1105
408 2038 462 2106 M.)
487 2037 630 2092 ediderunt
653 2038 744 2107 capita
767 2040 872 2091 tanturn
892 2041 956 2091 sunt
974 2038 1062 2107 operis
1080 2038 1190 2092 Baedue
1208 2039 1277 2091 l'also

73 2168 76 2173 .
129 2125 261 2195 adscripti
284 2129 365 2194 atque
390 2125 441 2179 hac
465 2126 656 2196 inscriptione:
676 2125 882 2191 ‘Quaestionum
901 2142 980 2194 super
1000 2117 1127 2179 Genesim
1147 2144 1177 2180 ex
1197 2126 1277 2180 dictis

128 2218 236 2283 patrum
264 2213 396 2283 dialogus'
429 2215 545 2284 praefixa
573 2215 643 2267 inter
672 2215 730 2267 eius
764 2231 845 2284 opera
873 2213 957 2267 dubia
990 2218 1018 2267 et
1050 2215 1141 2283 spuria
1174 2215 1276 2284 recepti

129 2302 305 2367 (LXXXXIII
320 2303 444 2357 233111.
459 2320 521 2373 pars
537 2303 593 2356 eius
609 2304 697 2373 operis
712 2302 869 2372 prohoemio
885 2303 983 2356 omisso
1000 2301 1073 2369 (inde
1089 2304 1277 2357 aLXXXXIlI

129 2393 180 2445 242
197 2390 217 2446 G
232 2390 576 2457 :LXXXXV11114D)
592 2392 619 2443 in
639 2390 733 2443 eodem
751 2390 861 2443 Baedue
880 2395 955 2443 tomo
973 2390 1075 2460 legitur
1092 2393 1144 2445 1111
1162 2393 1276 2461 inscrip-

98 2486 100 2488 ’
127 2483 204 2534 tione
228 2480 349 2534 adiecta:
378 2479 495 2533 ‘Baedae
519 2479 551 2534 de
576 2480 614 2533 VI
637 2479 740 2533 dierum
770 2481 906 2533 creatione
930 2479 1000 2533 liber
1027 2481 1221 2533 sententiarum
1246 2498 1277 2534 11

128 2569 252 2638 patribus
272 2568 452 2622 collectarum‘
472 2569 508 2638 (p.
524 2569 587 2634 207)
609 2572 690 2637 atque
709 2568 778 2622 haec
796 2570 934 2621 inuenitur
952 2569 980 2621 in
999 2567 1091 2622 codice
1106 2569 1275 2622 Brux'ellensi

127 2657 247 2727 8654l72
267 2658 374 2712 saecX
394 2674 409 2710 a
426 2674 469 2710 me
488 2658 610 2726 inspecto
625 2658 644 2711 f.
661 2658 773 2720 1-147,
792 2657 839 2710 ubi
858 2657 902 2710 hic
920 2657 1018 2710 titulus
1037 2659 1200 2725 praemissus
1221 2664 1274 2714 est:

127 2745 238 2815 ‘Incipit
253 2746 405 2816 explanatio
425 2762 470 2800 111
490 2746 592 2799 dierum
612 2747 640 2799 in
660 2744 756 2816 quibus
772 2748 875 2800 creauit
890 2746 955 2799 deus
971 2747 1072 2800 caelum
1089 2749 1116 2799 et
1130 2750 1229 2800 terram
1246 2764 1276 2801 11

127 2833 210 2886 dictis
223 2834 358 2887 Ambrosii
378 2837 406 2886 et
423 2834 568 2903 Agustini'.
588 2833 622 2887 ad
640 2833 712 2887 idem
727 2851 794 2902 opus
812 2835 951 2904 pertinent
966 2852 997 2888 ea
1012 2851 1080 2904 qnae
1096 2836 1123 2888 in
1137 2836 1202 2888 libri
1218 2839 1273 2888 Au·

128 2923 232 2991 giensis
243 2921 342 2986 COLV,
351 2938 423 2976 nunc
433 2923 648 2977 Caroliruheneis
663 2939 732 2977 saec.
743 2923 833 2987 VIIII,
844 2941 911 2977 arne
927 2924 1073 2977 examinati
1082 2924 1109 2977 ff.
1122 2925 1275 2978 loru-116

126 3013 265 3081 leguntur,
284 3011 312 3064 in
331 3027 384 3080 quo
402 3011 469 3065 haec
487 3013 628 3083 inscriptio
649 3015 734 3067 extat:
755 3012 902 3082 ‘Incipiunt
921 3013 1041 3082 capitula
1059 3012 1123 3066 libri
1140 3012 1221 3066 huius
1242 3013 1275 3068 de

128 3100 210 3153 dictis
234 3087 273 3154 sci
290 3099 439 3169 Augustini
456 3100 607 3154 Hieronimi
631 3103 659 3153 et
677 3099 831 3164 Ambrosii,
857 3118 937 3169 quarn
961 3102 1085 3170 sequitur
1108 3102 1273 3170 epigramma

127 3189 239 3242 Taionis
265 3188 371 3256 (LXXX
396 3189 445 3243 731
472 3189 535 3258 Μ).
562 3189 609 3244 sed
633 3189 661 3242 in
687 3191 802 3258 utroque
829 3189 921 3242 codice
947 3192 1085 3258 tamqnam
1112 3191 1182 3243 alter
1207 3189 1276 3243 liber

127 3278 302 3346 quaestiones
326 3277 359 3330 de
381 3295 452 3332 nouo
477 3277 652 3332 Testamento
677 3277 801 3331 adiectae
825 3282 897 3340 sunt,
921 3278 954 3331 de
979 3295 1090 3347 quarum
1119 3279 1223 3346 origine
1248 3282 1275 3332 et

127 3369 239 3420 auctore
259 3367 401 3436 quicquam
421 3366 550 3436 indagare
569 3367 636 3420 mihi
656 3384 708 3420 non
728 3368 853 3436 contigit.
873 3366 1047 3420 memorabile
1067 3383 1131 3420 sane
1147 3367 1274 3420 11111111-

124 3453 193 3508 bodi
220 3471 289 3523 quae
314 3454 437 3508 seruntur
463 3456 634 3523 quaestiones
662 3459 689 3508 11
712 3454 822 3508 Baedue
849 3456 894 3525 qui
918 3459 1032 3510 uocatur
1054 3456 1086 3509 de
1111 3456 1149 3510 VI
1173 3456 1275 3509 dierum

125 3543 263 3597 creatione
282 3544 379 3597 librnrn
400 3543 494 3598 eodem
513 3543 569 3598 fere
588 3544 648 3598 loco
668 3544 799 3598 desinere.
820 3545 864 3598 uir
879 3548 969 3598 autem
989 3563 1055 3614 opus
1076 3547 1167 3598 estut
1187 3544 1273 3598 dicam

124 3635 271 3701 utrumque
291 3649 357 3702 opus
377 3649 484 3702 prorsus
505 3633 622 3687 alienum
642 3649 700 3686 esse
720 3649 735 3686 1
755 3634 877 3702 genuinis
897 3633 1004 3688 Baedae
1025 3634 1071 3702 qui
1095 3634 1129 3687 ad
1149 3633 1274 3688 Genesim

124 3724 253 3791 spectant
270 3721 442 3778 tractatibus.
456 3722 642 3776 Hexeemeron
657 3723 716 3776 dico
737 3722 898 3789 (LXXXXlI
912 3724 927 3776 9
942 3723 996 3790 Μ.)
1013 3728 1041 3776 11
1054 3724 1273 3776 commentarium

123 3812 153 3864 in
172 3810 388 3864 Pentateuchum
406 3810 444 3880 (p.
465 3811 537 3878 189).
555 3811 623 3865 haec
641 3812 727 3881 igitur
741 3812 888 3876 sufficiant3
910 3829 972 3865 narn
988 3829 1046 3864 curn
1060 3813 1164 3871 nullum
1180 3829 1209 3864 ex
1224 3812 1274 3867 hac

123 3916 154 3954 re
174 3898 210 3952 ad
228 3896 365 3952 Ambrosii
387 3899 471 3952 libros
494 3899 672 3954 recensendos
696 3900 813 3954 fructum
835 3901 984 3954 redundare
1008 3901 1209 3963 intellexissem,
1230 3917 1273 3952 ac-

126 3988 251 4042 curatius
270 3988 297 4040 in
318 4004 377 4040 eam
395 3989 530 4057 inquirere
549 4006 602 4042 non
617 4006 707 4042 meum
720 4006 778 4042 esse
792 3992 867 4042 ratus
880 3990 906 4042 in
921 3990 963 4042 his
980 4006 1048 4058 quae
1064 3989 1121 4042 erui
1136 3988 1272 4057 adquieui.

171 4075 191 4146 ¹)
221 4075 317 4145 quodsi
344 4077 462 4130 Maurini
490 4078 688 4147 Benignianum
720 4077 754 4131 ad
782 4079 919 4132 saeculum
946 4079 984 4132 XI
1013 4076 1181 4131 referendum
1210 4080 1272 4128 ante

123 4181 210 4219 annos
229 4163 324 4220 DGGG
343 4170 480 4219 exaratum
500 4183 559 4219 esse
578 4166 683 4231 dicunt,
696 4167 885 4235 Remigianum
905 4171 933 4220 et
953 4167 1190 4226 Cenomanensem‚
1207 4180 1273 4232 quos

122 4252 246 4308 eiusdem
266 4255 363 4308 aetatis
384 4271 442 4308 1111
462 4255 562 4319 dicunt,
583 4254 670 4308 eidem
691 4256 798 4309 saeculo
819 4255 1009 4309 adscribendos
1030 4272 1088 4308 esse
1106 4258 1191 4325 patet.

1205 4358 1236 4411 d.
