2858 4824
97 326 185 390 XXX
557 324 777 379 Praefatio.

97 521 213 599 uimus,
246 518 421 602 expositam
454 518 561 582 habes.
602 517 713 582 deinde
747 539 957 585 commemoro
991 522 1051 585 hoe
1089 523 1244 603 opusculo

97 647 158 691 non
181 630 247 690 tarn
271 624 467 708 patriarchae
490 625 655 690 historiam
683 627 817 690 enarrari
840 665 883 672 -
906 647 978 691 nam
1003 628 1093 692 eain
1119 630 1245 695 exordio

98 737 221 799 tantum
260 752 295 797 ac
332 736 445 815 postea
481 732 592 815 paucis
629 734 710 798 locis
743 735 884 818 tangitur
915 772 959 781 —-
991 755 1085 817 quarn
1124 737 1247 802 Cantici

97 839 388 924 interpretationem
419 839 561 921 proponi.
600 842 693 923 atque
727 841 772 905 eis
800 841 891 920 locis,
921 842 1035 924 quihus
1069 843 1247 907 secundum

98 946 249 1012 Genesim
283 946 351 1009 utta
385 948 416 1010 et
447 965 498 1010 res
531 949 640 1030 gestae
672 948 762 1011 Isaac
795 948 999 1030 explicantur,
1029 950 1246 1031 compluribus

98 1054 188 1132 locis,
209 1072 289 1136 quos
312 1052 391 1116 infra
412 1052 567 1136 congessi,
579 1052 604 1135 ¹)
625 1053 767 1118 Philonis
791 1055 888 1119 libros
913 1055 944 1119 in
968 1076 1034 1120 rem
1059 1076 1151 1120 suam
1175 1074 1248 1121 con-

100 1159 206 1224 uertit.
245 1159 329 1241 quod
358 1162 464 1224 autem
493 1160 532 1224 ad
557 1159 678 1224 Cantici
702 1161 993 1243 interpretationem
1018 1162 1148 1241 adtinet,
1172 1166 1248 1228 nota

100 1286 136 1332 ac
167 1269 359 1351 peruulgata
390 1286 440 1330 res
470 1271 519 1331 est
541 1266 745 1331 Ambrosium
773 1267 833 1332 hoc
861 1286 986 1332 carmen
1010 1269 1247 1334 studiosissime

98 1374 310 1451 lectitauisse,
333 1375 365 1438 in
396 1374 542 1438 omnibus
570 1373 635 1437 fere
665 1393 744 1455 quos
773 1374 961 1456 conseripsit
987 1376 1078 1440 libris
1103 1376 1247 1460 singulos

101 1502 136 1547 ox
169 1501 205 1546 eo
238 1483 327 1547 locos
361 1481 526 1559 adtulisse,
560 1481 695 1563 denique
727 1500 963 1562 nonnumquam
998 1483 1026 1546 ei
1057 1483 1247 1548 illustrando

100 1590 293 1674 peculiarem
322 1608 448 1671 operam
475 1587 677 1670 impendisse.
716 1607 777 1672 qua
806 1589 844 1652 de
867 1609 900 1653 re
924 1589 1002 1653 satis
1026 1590 1086 1654 erit
1107 1591 1247 1655 lecturos

101 1697 140 1760 ad
173 1696 401 1777 expositionem
433 1695 549 1777 psalmi
583 1694 715 1759 CXVHI
748 1697 779 1759 et
810 1695 928 1759 librum
961 1696 998 1759 de
1032 1698 1248 1787 consolatione

100 1801 315 1868 Ualentiniani
339 1802 494 1884 delegare.
518 1821 620 1883 neque
646 1821 813 1883 quemnam
837 1802 868 1866 in
893 1822 929 1866 ea
947 1822 979 1866 re
999 1802 1248 1867 administranda

101 1914 262 1992 tamquam
288 1909 401 1972 ducem
425 1911 554 1972 secutus
579 1909 622 1972 sit
644 1908 836 1992 ignoramus
869 1909 985 1973 etenim
1010 1908 1156 1993 Origenis
1181 1909 1248 1974 sine

102 2016 198 2080 dubio
222 2015 368 2098 uestigiis
391 2014 554 2100 ingressus
580 2019 637 2091 est,
663 2015 755 2080 cuius
780 2015 994 2098 amplissimos
1025 2015 1057 2078 in
1082 2015 1249 2081 Canticum

103 2122 345 2188 commentarios
377 2122 591 2204 Hieronymus
623 2122 655 2185 in
689 2122 827 2204 epistula
858 2122 898 2186 ad
928 2123 1103 2186 Damasum
1133 2141 1248 2204 papam

103 2229 200 2313 (Patr.
231 2228 285 2294 Cr.
308 2228 387 2292 XIII
410 2229 452 2291 35
472 2227 538 2312 M.)
566 2229 664 2292 tantis
696 2229 845 2293 laudibus
879 2229 1061 2295 celebrauit.
1099 2229 1132 2291 id
1165 2228 1250 2310 quod

98 2336 161 2399 iam
190 2355 226 2399 ex
255 2354 290 2399 eo
320 2335 491 2417 suspiceris
522 2335 606 2417 quod
636 2335 840 2399 Ambrosium
871 2337 903 2399 in
937 2335 1132 2417 expositione
1164 2336 1249 2417 psal·

99 2443 144 2506 mi
177 2441 310 2507 CXVIII
342 2439 488 2524 Origenis
523 2439 766 2505 commentarios
799 2441 831 2504 in
865 2440 949 2504 hunc
982 2440 1142 2524 psalmum
1179 2441 1248 2505 dili-

101 2551 210 2631 genter
246 2548 422 2631 respexisse
460 2550 661 2630 compertum
696 2545 895 2632 habemus.²)
933 2547 1009 2629 quid
1045 2547 1144 2631 igItur
1181 2549 1249 2612 ueri

103 2655 239 2719 similius
265 2675 360 2738 qnam
383 2655 414 2717 in
438 2654 504 2717 illis
525 2653 730 2737 expositionis
750 2653 904 2734 partibus,
925 2673 1004 2736 quae
1024 2653 1062 2716 ad
1084 2653 1250 2718 Canticum

100 2762 371 2844 interpretandum
394 2761 562 2843 pertinent,
587 2759 734 2844 OrigenIs
757 2760 789 2824 in
817 2760 877 2824 hoc
906 2780 1029 2824 carmen
1058 2764 1249 2826 commenta·

100 2869 164 2933 rios
194 2889 267 2933 eum
295 2871 441 2933 secutum
471 2871 561 2932 esse?
590 2867 669 2931 adde
694 2866 778 2949 quod
803 2867 981 2931 etiamnunc
1004 2903 1048 2912 —
1071 2887 1142 2930 nam
1168 2887 1248 2950 opus

100 2976 207 3057 ipsum
232 2975 378 3058 Origenis
403 2975 442 3038 ad
464 2976 605 3039 nostram
629 2972 814 3037 memoriam
838 2992 898 3038 non
922 2973 1069 3055 peruenIt
1084 3010 1127 3019 —
1146 2974 1178 3037 in
1203 2975 1248 3038 eis

103 3101 183 3163 quae
214 3081 348 3146 Rufinus
381 3081 478 3146 latine
514 3080 663 3159 reddidit,
675 3077 701 3163 3)
738 3080 769 3144 in
809 3080 962 3160 excerptis
995 3079 1248 3166 Pr·ooopianis,4)

101 3189 235 3270 denique
258 3189 290 3252 in
315 3189 437 3252 duabus
457 3186 602 3270 Origenis
626 3187 658 3251 in
679 3186 845 3252 Canticum
868 3186 1019 3263 homiliis,
1040 3206 1119 3268 quas
1139 3187 1250 3251 Hiero-

103 3315 226 3378 nymus,
255 3295 310 3376 qui
338 3314 390 3359 eas
418 3295 451 3359 in
479 3312 655 3358 sermonem
677 3294 825 3358 Latinum
853 3292 1026 3369 transtulit,
1057 3293 1089 3354 in
1118 3293 1250 3376 prologo

104 3403 141 3466 ab
165 3401 221 3466 illo
245 3402 277 3466 in
301 3421 419 3467 morem
445 3400 594 3466 cotidiani
620 3400 738 3481 eloquii
759 3398 903 3482 paruulis
928 3398 1030 3461 adhuc
1058 3399 1250 3462 lactantibus

149 3611 169 3680 ¹)
189 3611 222 3664 cf.
243 3612 304 3678 643,
324 3611 339 3664 6
359 3611 402 3677 (de
420 3610 514 3664 mundi
534 3610 620 3680 opit),
636 3608 696 3673 642,
712 3611 728 3663 5
746 3607 841 3677 (Iregg.
862 3624 927 3660 sacr.
949 3606 1050 3675 alleg),
1071 3607 1132 3673 642,
1154 3608 1187 3661 16
1208 3607 1251 3673 (de

103 3702 173 3768 post.
199 3697 296 3770 Caini),
320 3701 380 3763 656,
404 3699 422 3753 8
445 3701 474 3752 et
493 3698 525 3752 Il
550 3697 594 3768 (de
613 3697 739 3766 profug.)‚
759 3697 820 3759 641,
841 3696 856 3748 9
877 3698 904 3747 et
924 3695 984 3759 642,
1004 3695 1020 3747 8
1040 3694 1083 3760 (de
1103 3711 1203 3763 praem.
1224 3699 1251 3748 et

103 3791 202 3859 poen),
221 3804 393 3858 quamquam,
413 3804 474 3842 cum
492 3787 572 3840 Philo
593 3786 702 3840 easdem
720 3801 762 3838 res
782 3784 888 3853 saepius
905 3784 1087 3851 tractauisset,
1103 3785 1170 3836 alios
1186 3801 1250 3853 quo·

104 3893 156 3947 que
177 3877 233 3930 eius
253 3875 344 3939 libros,
365 3892 432 3945 quos
451 3875 479 3927 in
499 3874 691 3928 commentario
712 3872 838 3936 indicaui,
858 3872 990 3941 respicere
1010 3872 1108 3939 potuit.

149 3963 169 4032 ²)
191 3964 224 4018 cf.
243 3964 355 4017 Kellner
372 3981 398 4034 p.
420 3964 472 4017 153
491 3980 549 4032 sqq.

148 4052 167 4121 ³)
188 4052 220 4106 cf.
240 4053 314 4107 Patr.
335 4051 379 4107 Gr.
398 4053 467 4106 XIII
485 4054 519 4106 62
538 4051 580 4106 M.
606 4054 634 4104 et
658 4050 783 4105 Hamaok
807 4050 868 4103 ‘Die
891 4048 998 4103 Ueberl.
1024 4049 1079 4101 und
1105 4048 1153 4103 der
1177 4052 1249 4103 Best.

104 4142 151 4196 der
171 4142 264 4195 altchr.
284 4141 362 4198 Litt’
381 4143 395 4196 I
415 4142 465 4196 358
485 4158 524 4208 sq.

150 4230 169 4298 ⁴)
190 4230 222 4285 cf.
241 4231 315 4285 Patr.
337 4229 381 4284 Gr.
400 4230 469 4284 XIII
488 4230 539 4284 198
558 4230 600 4286 Μ.
