2858 4824
105 353 169 416 (520
580 341 781 397 Ambrosii

104 543 220 624 quibus
244 539 425 624 congregati
448 539 506 603 filii
529 537 682 603 ecclesiae
705 556 838 620 reguum
859 535 978 601 Christi
1003 534 1253 600 sacratissimum

106 651 322 732 propagarunt
345 647 510 711 uenientes
535 644 573 708 ab
593 644 713 708 oriente
734 644 829 725 atque
849 641 1021 719 occidente,
1042 642 1256 725 septentrione

105 775 140 819 ac
164 754 306 818 meridie.
332 753 570 836 quadrupertito
594 751 693 835 igitur
711 751 809 814 latere
829 753 938 814 sancta
957 748 1091 814 surrexit
1110 749 1254 814 ecclesia.

105 862 197 926 decas
231 879 356 943 quoque
380 880 416 924 ex
443 859 506 924 isto
534 878 665 923 numero
695 857 848 940 adsurgit.
882 855 911 920 si
939 856 1021 921 enim
1047 859 1193 920 conectas
1218 856 1255 919 ab

105 988 167 1032 nno
187 987 289 1049 usque
309 970 469 1050 quattuor,
490 967 550 1032 hoc
569 965 662 1030 modo
683 964 839 1029 decimam
857 964 966 1028 facies.
991 967 1128 1046 conputa
1146 983 1254 1032 unum.
1285 983 1296 1019 ⁵

106 1074 185 1138 adde
208 1074 257 1138 illi
286 1073 364 1143 duo:
397 1073 478 1139 fiunt
500 1077 576 1138 tres.
610 1072 689 1137 adde
713 1071 816 1136 tribus
840 1074 919 1136 tres:
951 1070 1032 1134 fiunt
1060 1090 1123 1135 ser.
1157 1074 1190 1134 et
1218 1070 1255 1134 ad
1313 1069 1333 1121 D

107 1200 159 1245 sex
184 1181 263 1245 adde
287 1183 451 1263 quattuor:
475 1180 556 1244 fiunt
580 1180 700 1243 decem.
723 1181 823 1243 tetras
846 1178 946 1262 igitur
970 1178 1125 1242 decimam
1144 1177 1254 1259 inplet,

106 1286 199 1351 decas
223 1307 390 1352 numerum
415 1306 540 1351 omnem
564 1285 786 1368 conplectitur.
812 1288 962 1368 quattuor
985 1305 1110 1368 quoque
1134 1289 1255 1349 aetates

106 1398 180 1458 sunt
202 1394 354 1458 hominis:
383 1393 521 1478 pueritia
544 1393 761 1457 adulescentia
788 1393 939 1457 iuuentus
968 1392 1147 1457 maturitas.
1180 1411 1255 1474 pau-

104 1488 195 1563 latim
219 1500 364 1584 adsurgit
387 1505 419 1565 et
441 1500 592 1564 fundatur
611 1499 775 1581 sapientia.
799 1500 907 1581 itaque
927 1516 1052 1562 summa
1069 1499 1254 1580 prudentiae
1273 1518 1295 1556 ιο

106 1610 217 1689 quarto
252 1610 393 1672 aetatum
427 1607 534 1671 ordine
567 1607 668 1670 uenit.
700 1606 877 1687 meritoque
909 1606 971 1670 etsi
998 1606 1068 1687 quis
1097 1609 1169 1670 ante
1193 1607 1253 1670 sub

105 1733 178 1797 rege
210 1714 349 1797 Aegypti
380 1715 452 1792 fuit,
486 1712 668 1778 maturioris
701 1715 806 1777 tamen
838 1715 942 1777 aetate
971 1711 1097 1777 consilii
1124 1713 1187 1777 erit
1215 1713 1252 1776 de

105 1823 264 1901 potestate
287 1821 355 1885 eius
381 1824 412 1885 et
434 1822 539 1903 legem
565 1820 626 1884 sibi
651 1819 796 1902 agnoscit
819 1819 1022 1902 sequendam.
1055 1822 1132 1883 tuno
1159 1818 1197 1884 fit
1224 1819 1253 1883 ei
1314 1817 1332 1868 Ε

98 1927 191 1994 ‚uitae
209 1927 305 1992 istius
325 1947 409 1991 mare
428 1927 585 2010 peruium.
609 1926 723 1990 similis
741 1927 821 1992 ratio
842 1929 891 1992 est
909 1927 959 1992 his
981 1946 1060 2008 quae
1080 1926 1254 2010 gignuntur

106 2034 183 2099 solo.
222 2034 277 2099 ubi
317 2053 424 2099 semen
462 2053 608 2116 sparsum
644 2033 750 2107 fuerit,
788 2035 883 2098 humo
918 2034 1056 2098 soluitur
1089 2036 1121 2097 et
1149 2033 1251 2116 primo
1271 2050 1294 2089 1⁵

104 2140 283 2222 prorumpit
313 2140 345 2203 in
377 2141 526 2217 radicem,
561 2140 672 2204 deinde
700 2140 865 2223 germinat,
893 2140 1047 2205 formatur
1072 2139 1197 2204 fructus
1222 2143 1281 2203 et'

105 2249 217 2328 postea
253 2247 449 2311 maturescit.
487 2247 613 2311 arbores
650 2266 775 2329 quoque
812 2247 899 2330 ipsae
936 2247 1074 2327 primum
1111 2247 1249 2311 fructum

104 2355 219 2431 terunt,
249 2353 359 2417 deinde
386 2354 454 2436 ipse
484 2353 637 2417 adolescit
659 2354 793 2434 fructus,
818 2372 949 2418 accessu
971 2353 1124 2435 temporis
1147 2355 1253 2416 mutat

105 2459 253 2537 colorem,
279 2464 389 2542 quarto
415 2460 521 2524 ordine
544 2463 792 2538 consummatur,
821 2461 880 2525 hoc
909 2464 958 2524 est
985 2460 1173 2525 nouissimo.
1206 2460 1251 2523 ita

105 2583 178 2649 ergo
204 2569 235 2630 et
259 2586 318 2631 nos
340 2567 372 2631 iu
395 2568 454 2631 hac
478 2570 561 2630 terra
585 2566 772 2631 adflictionis
790 2567 952 2651 fugiamus
971 2568 1085 2631 lateres
1103 2566 1249 2644 formare,
1267 2584 1291 2623 ao

104 2672 159 2735 sed
187 2673 308 2756 gemitu
337 2677 370 2738 et
392 2673 530 2737 lacrimis
553 2692 762 2756 prouocemus
787 2674 906 2740 domini
929 2673 1189 2751 misericordiam,
1213 2675 1249 2736 ut
1308 2669 1326 2722 F

103 2780 211 2843 mittat
233 2781 325 2845 nobis
349 2781 482 2863 Moysen
507 2784 538 2843 et
560 2782 675 2858 Aaron,
700 2780 760 2844 hoc
785 2784 835 2844 est
856 2781 960 2865 legem
985 2785 1018 2845 et
1040 2779 1248 2857 sacerdotem,

103 2885 159 2949 sed
190 2887 282 2950 illurn
315 2907 426 2951 uerum
460 2887 656 2951 sacerdotem
689 2889 721 2951 et
753 2887 953 2951 sacerdotum
979 2887 1165 2968 principem,
1195 2887 1248 2969 qui

101 2992 179 3056 licet
210 2993 291 3058 inter
327 2994 471 3058 homines
508 2996 698 3071 uersaretur,
737 2993 902 3058 dicebatur
939 3013 1031 3058 ecce
1068 2993 1247 3075 spiritus

190 3218 225 3272 2ο
244 3218 326 3272 axau.
348 3221 370 3281 1,
392 3220 426 3273 14
480 3219 514 3273 23
533 3219 632 3273 Psalm.
654 3218 757 3273 erun
775 3221 793 3272 4
811 3219 893 3273 neor.
914 3223 938 3286 a,
958 3222 973 3274 c
990 3220 1079 3283 et10;
1100 3221 1125 3283 7,
1147 3221 1188 3274 17.
1203 3221 1244 3273 21.

101 3306 144 3362 24.
164 3307 198 3360 ac
253 3308 288 3361 24
307 3307 405 3361 rnren.
424 3310 451 3372 4,
469 3309 505 3384 *ao

135 3450 151 3502 2
171 3452 252 3518 atque
272 3449 305 3502 ab
325 3448 465 3504 occidente
482 3450 510 3503 B
555 3450 572 3504 3
591 3467 622 3504 ao
640 3450 692 3503 PG
709 3454 736 3504 et
755 3457 802 3505 cet.
867 3450 1073 3520 quadrupertito
1092 3450 1120 3503 P
1137 3450 1157 3519 (i
1175 3465 1196 3503 a.
1215 3453 1242 3514 u)

99 3536 296 3606 quadripertito
310 3538 410 3591 T‘DM
426 3538 623 3608 quadripartito
638 3537 723 3592 NBC
758 3541 772 3592 7
788 3543 816 3593 et
831 3539 900 3592 fiunt
910 3539 937 3591 B
992 3536 1134 3607 decimam]
1152 3538 1241 3592 decem

98 3625 161 3678 DN
249 3626 358 3680 8.IlII.
377 3627 405 3679 P
495 3627 527 3680 10
548 3631 576 3680 et
593 3626 724 3680 fundatur
742 3629 783 3694 (ia
800 3645 850 3698 my.
869 3629 921 3696 inf.
940 3631 997 3693 m2)
1018 3631 1047 3692 et
1066 3627 1202 3697 sapientia
1220 3627 1245 3679 P

133 3714 294 3782 prudentiae
312 3715 340 3768 P
358 3715 502 3785 prudentia
524 3716 583 3769 Y‘B
640 3718 670 3769 ll
692 3717 743 3777 etsi
757 3716 785 3769 P
798 3720 825 3782 (v
839 3734 860 3770 s.
876 3717 901 3788 e)
914 3721 946 3770 ut
959 3718 983 3770 si
997 3721 1043 3770 cet.
1102 3717 1134 3769 12
1154 3719 1242 3770 aetate

99 3822 151 3859 om.
170 3805 234 3858 DN
321 3807 355 3860 14
373 3807 447 3861 uitae
466 3807 546 3859 istius
565 3805 653 3859 PCM
670 3807 728 3859 uita
746 3807 825 3859 istius
844 3806 874 3859 D
891 3807 970 3860 istius
989 3807 1064 3860 uitae
1082 3805 1140 3859 NB
1203 3808 1242 3859 est

97 3893 125 3946 P
144 3905 166 3957 (s
185 3909 206 3947 s.
225 3898 265 3959 u.)
289 3894 357 3961 T‘B,
377 3911 428 3948 om.
448 3901 495 3951 eet.
589 3896 635 3964 qui
653 3895 716 3948 DN
807 3896 838 3948 15
857 3896 937 3948 homo
958 3896 985 3965 (v
1002 3911 1023 3948 e.
1044 3912 1062 3966 o
1076 3912 1121 3963 pr.
1140 3899 1198 3960 m2)
1217 3894 1243 3948 P

99 3984 130 4036 17
151 3983 225 4052 ipsae
244 3983 272 4036 P
290 3987 332 4051 (aa
351 3984 467 4048 turos.)
486 3983 541 4036 BG
557 3984 645 4052 ipsum
664 3984 701 4037 M
715 3984 774 4052 ipse
793 3983 890 4037 T‘DN
939 3985 973 4037 20
993 3987 1066 4037 terra
1084 3983 1239 4038 afflictionis
1319 4004 1328 4017 ¹·

96 4071 148 4124 hac
166 4071 230 4125 DN
280 4073 312 4125 21
333 4073 452 4126 lacrimis
471 4076 499 4125 ct
518 4073 621 4140 gemitu
641 4090 767 4126 uocemue
785 4073 845 4127 DN
904 4075 937 4126 22
957 4089 1065 4127 moesen
1087 4073 1147 4139 (is.
1168 4087 1239 4140 epe.

95 4163 152 4226 222)
172 4160 200 4213 P
252 4161 286 4214 23
306 4159 354 4214 sed
373 4177 423 4214 om.
439 4160 500 4214 DN
571 4178 635 4215 uero
649 4163 712 4215 DN
782 4163 948 4216 sacerdotem
969 4166 997 4227 (v
1015 4177 1036 4215 s.
1057 4178 1071 4214 e
1089 4164 1147 4228 m2)
1167 4162 1239 4231 priu-

96 4248 158 4318 cipu
178 4253 265 4319 (pem
283 4253 341 4317 m2)
361 4249 389 4302 P
406 4248 574 4303 sacerdotem
593 4251 742 4320 principum
764 4251 787 4304 0
840 4253 875 4304 24
893 4250 1002 4304 dicebat
1019 4251 1057 4304 M
