2858 4824
397 366 437 418 De
457 365 527 418 bono
547 365 641 434 nrortis
661 367 685 429 3,
706 365 740 420 10
778 365 802 433 (I
821 366 872 419 393
891 365 1005 419 Β--394
1023 365 1065 434 Α).
1243 372 1303 434 711

74 560 115 622 10
205 560 353 624 Imitatur
379 560 434 623 ille
463 560 574 641 quise
600 562 819 643 uoluptatibus
844 561 930 625 exuit
953 566 985 627 et
1008 582 1026 626 a
1049 562 1180 627 terrenis
1206 562 1306 626 delec-

161 666 336 730 tationibus
364 666 491 730 adtollit
514 671 607 749 atque
632 668 758 731 adleuat
782 671 814 732 et
836 668 867 732 in
891 668 947 731 illo
972 670 1102 732 caelesti
1125 669 1305 733 habitaculo
1335 683 1356 736 l]

160 773 255 851 locat,
274 773 305 836 in
326 793 387 856 quo
406 774 537 849 Paulus,
558 793 629 838 cum
649 774 751 839 adhuc
775 775 910 852 uiueret,
935 776 1191 841 conuersabatur.
1216 776 1314 860 aliter⁴

162 883 353 943 autemnon
379 880 511 944 diceret:
545 883 675 945 nostra
708 885 832 945 autem
862 881 1105 947 conuersatio
1130 882 1165 944 in
1190 881 1306 946 caelis

131 989 229 1063 sest,
259 985 343 1068 quod
371 986 489 1067 pariter
516 986 555 1048 ad
578 987 869 1068 praesumptionem
892 987 998 1050 meriti
1021 991 1129 1068 potest
1150 988 1307 1051 meditati·

162 1110 316 1173 opemque
341 1092 483 1157 conferri.
516 1092 583 1156 illic
607 1092 690 1155 enim
714 1095 781 1157 erat
804 1093 872 1156 eius
895 1093 1072 1171 meditatio,
1096 1093 1162 1158 illic
1186 1094 1307 1157 animae

162 1200 230 1264 eius
254 1199 462 1266 conuersatio,
485 1199 552 1262 illic
576 1199 644 1264 eius
668 1199 843 1281 prudentia,
869 1219 949 1281 quae
973 1200 1083 1282 utique
1105 1200 1188 1263 intra
1211 1221 1307 1285 angu-

163 1307 240 1370 stias
265 1307 366 1370 earnis
385 1306 482 1369 huius
501 1306 629 1370 haerere
648 1325 709 1370 non
730 1307 862 1370 solebat.
888 1307 1013 1388 sapiens
1033 1306 1114 1370 enim
1136 1326 1208 1370 cum
1226 1307 1308 1371 illud

162 1412 305 1476 diuinum
319 1413 460 1494 requirit,
476 1413 615 1477 absoluit
629 1413 766 1476 animam
785 1432 875 1477 suam
896 1432 1023 1496 corpore
1043 1415 1075 1476 et
1094 1414 1161 1477 eius
1181 1413 1309 1496 ablegat

116 1537 140 1574 10
162 1519 412 1597 contubernium,
440 1538 512 1597 cum
540 1519 628 1583 illam
656 1519 724 1583 ueri
751 1522 868 1583 tractat
895 1519 1070 1596 scientiam,
1100 1540 1194 1603 quam
1218 1522 1308 1584 uelut
1336 1533 1356 1586 l*

161 1626 277 1689 nudam
306 1625 368 1689 sibi
396 1628 428 1689 et
456 1629 595 1708 apertam
625 1625 782 1690 desiderat
805 1626 1013 1691 demonstrari
1036 1630 1070 1689 et
1090 1626 1162 1690 ideo
1186 1626 1308 1690 retibus

162 1733 351 1814 quibusdam
372 1736 403 1796 et
425 1732 551 1796 nebulis
574 1732 670 1796 huius
695 1733 832 1815 corporis
856 1752 890 1797 se
915 1733 1038 1815 quaerit
1061 1752 1182 1796 exuere.
1206 1752 1308 1814 neque

162 1839 243 1902 enim
278 1839 423 1902 manibus
455 1838 537 1902 istis
561 1841 616 1902 aut
644 1839 745 1902 oeulis
775 1842 870 1921 atque
899 1839 1028 1903 auribus
1057 1838 1307 1922 conprehendere
1380 1845 1386 1856 '

162 1964 331 2026 supernam
358 1945 446 2008 illam
474 1964 647 2028 possumus
675 1946 853 2022 ueritatem,
882 1946 1030 2028 quoniam
1058 1964 1137 2028 quae
1161 1945 1309 2010 uidentur

117 2072 141 2110 1⁵
161 2052 348 2134 temporalia
381 2055 464 2128 suot,
499 2070 578 2133 quae
607 2053 713 2115 autem
741 2071 802 2116 non
830 2051 980 2116 uidentur
1006 2055 1141 2116 aeterna.
1174 2052 1307 2133 denique

161 2176 254 2241 saepe
287 2158 434 2222 fallimur·
459 2158 532 2222 uisu
565 2161 597 2222 et
629 2158 722 2221 aliter
749 2158 896 2240 pleraque
925 2177 1018 2239 quam
1048 2161 1123 2222 sunt
1149 2159 1307 2235 uidemus,

158 2264 300 2328 fallimur
331 2265 426 2328 etiam
459 2265 581 2340 auditu,
606 2266 638 2327 et
668 2264 739 2328 ideo
773 2265 1023 2344 contemplemur
1054 2285 1114 2329 non
1144 2264 1200 2328 illa
1228 2284 1307 2347 quae

159 2370 309 2435 uidentur
332 2371 387 2435 sed
412 2390 491 2453 quae
516 2390 577 2435 non
601 2371 759 2447 uidentur,
784 2371 811 2435 si
834 2371 983 2435 nolumus
1002 2371 1080 2434 falli.
1105 2371 1228 2453 quando
1248 2370 1405 2454 igi-atla

159 2487 213 2541 tur
232 2478 337 2541 anima
355 2480 462 2542 nostra
481 2497 541 2542 non
561 2478 692 2556 fallitur,
713 2477 837 2559 quando
859 2476 975 2542 solium
994 2478 1140 2541 ueritatis
1160 2477 1307 2560 adtingit,

117 2606 143 2646 20
161 2584 222 2647 nisi
251 2583 375 2664 quando
405 2603 438 2647 se
468 2584 505 2647 ab
534 2583 596 2648 isto
626 2584 760 2648 secernit
789 2603 917 2665 corpore
946 2603 1046 2665 neque
1071 2582 1201 2666 abipso
1227 2583 1307 2647 deci-

251 2777 268 2827 4
286 2775 407 2844 Philipp.
428 2775 454 2842 3,
472 2775 508 2829 ao

200 2908 213 2960 1
242 2906 365 2960 imitatur
388 2910 416 2960 et
440 2909 553 2959 mortem
575 2910 614 2972 (et
635 2909 749 2960 mortem
768 2923 788 2960 a.
808 2907 847 2973 a.)
866 2906 914 2960 ille
936 2905 961 2958 T
982 2907 1105 2960 imitatur
1128 2907 1175 2960 ille
1194 2910 1307 2961 mortem

161 2994 200 3047 N‘
220 2994 344 3061 (mortem
362 3011 383 3048 s.
398 3012 425 3048 u.
446 3012 479 3048 m.
501 3001 557 3048 aot.
574 2997 617 3061 a)
674 2995 791 3049 aeternis
806 2996 833 3047 A
852 2998 882 3061 (a.
898 2999 945 3049 m2
958 2996 971 3048 l
986 3012 1001 3048 a
1014 2996 1140 3065 terrenis)
1154 2997 1181 3048 P
1225 2996 1241 3049 2
1261 2995 1308 3049 ad·

162 3084 237 3137 leuat
254 3083 354 3151 scropsc'
372 3084 474 3138 alleuat
495 3083 554 3136 CE'
574 3083 663 3137 eleuat
685 3083 711 3136 T
727 3084 838 3137 ableuat
856 3085 880 3140 a
899 3083 920 3154 (l
938 3100 959 3137 a.
978 3084 995 3136 b
1015 3087 1072 3149 rre3)
1092 3089 1138 3137 cet.
1218 3085 1234 3138 3
1254 3085 1308 3138 col·

162 3172 276 3224 locatA
296 3172 350 3236 (col
367 3188 387 3225 s.
407 3189 435 3225 u.
454 3171 556 3238 ΜΤ
607 3173 745 3240 dautem]
767 3173 837 3224 enim
850 3173 929 3233 ar‘a',
944 3173 1009 3240 fort.
1024 3177 1094 3226 recle
1147 3172 1217 3236 5ad
1231 3190 1308 3242 prae·

163 3260 344 3328 sumptionem
364 3262 396 3328 (ε.
412 3261 624 3330 assumptionem
640 3264 696 3327 m2)
710 3263 737 3314 A
752 3261 786 3314 ad
800 3261 829 3321 ld
842 3262 874 3314 irc
886 3261 955 3329 aaa.)
973 3261 1219 3330 praesumptionem
1234 3263 1308 3332 (prae

162 3400 183 3440 a.
202 3385 242 3454 u.)
263 3385 287 3436 T
376 3386 393 3437 6
417 3388 475 3438 erat
494 3387 533 3438 eis
552 3385 578 3437 A
589 3389 631 3437 nol
650 3389 708 3438 erat
727 3385 783 3438 eius
804 3390 832 3449 (u
851 3400 872 3438 s.
892 3390 931 3452 a.)
952 3384 979 3436 P
995 3341 1054 3438 erat
1073 3340 1130 3438 eliis
1150 3388 1175 3438 A
1186 3389 1234 3438 m2
1252 3385 1308 3438 eius

163 3477 223 3526 erat
245 3473 367 3529 VWB
383 3473 440 3527 eius
459 3473 602 3527 meditatio
622 3478 682 3528 erat
704 3474 729 3527 T
782 3477 796 3527 7
816 3475 889 3526 intra
907 3475 933 3525 A
954 3481 983 3533 (s.
1002 3478 1049 3527 oc2
1066 3475 1079 3526 l
1097 3475 1179 3541 inter)
1195 3475 1221 3526 P
1239 3475 1309 3527 inter

164 3568 210 3617 cet.
283 3563 299 3616 8
324 3562 430 3616 solebat
451 3561 475 3614 0
492 3563 519 3627 (b
538 3579 559 3616 a.
579 3580 606 3616 ac.
626 3563 684 3633 m2)
702 3563 802 3618 ar‘ET
819 3563 906 3616 soleat
923 3563 948 3618 a
968 3566 1008 3630 (at
1025 3565 1057 3616 ia
1074 3580 1131 3616 ros.
1151 3580 1184 3618 ca
1201 3567 1233 3616 nt
1251 3567 1307 3629 m3)

164 3655 210 3704 cet.
284 3653 299 3704 9
319 3651 432 3720 inquirit
455 3651 480 3704 T
563 3652 674 3720 ablegat
697 3652 744 3708 le
765 3651 870 3719 obligat
889 3652 916 3703 A
940 3654 966 3716 (e
985 3667 1005 3704 a
1026 3652 1034 3703 i
1054 3655 1110 3718 m2)
1130 3652 1158 3705 P
1176 3657 1200 3706 et
1220 3657 1251 3718 (s.
1271 3658 1310 3705 eat

163 3741 230 3806 roa.)
249 3738 281 3794 21¹
301 3738 407 3808 obligat
424 3739 538 3795 arom
558 3741 661 3808 allegat
679 3740 699 3809 (i
717 3756 738 3792 a.
759 3741 782 3807 e)
806 3740 831 3792 T
848 3739 968 3808 abnegat
986 3740 1058 3795 W‘E
1119 3741 1152 3793 14
1169 3740 1244 3793 illam
1264 3757 1308 3793 su·

163 3843 272 3896 pernam
293 3827 335 3883 TW
427 3833 573 3898 qinono?
592 3846 625 3882 ex
644 3845 712 3897 quae
737 3829 885 3898 unoque
905 3829 952 3899 (oq
969 3829 1000 3882 in
1018 3829 1131 3897 raaldi
1204 3830 1236 3882 17
1255 3845 1309 3881 non

165 3919 378 3985 contemplemur
398 3922 459 3983 (ora.
474 3924 573 3986 posteo
587 3918 653 3988 nou)
668 3917 775 3973 ΜΕΝ
795 3923 820 3970 ct
839 3921 904 3982 (non
922 3935 943 3971 s.
955 3934 983 3970 a.
1004 3923 1029 3970 et
1047 3934 1100 3970 non
1114 3921 1214 3984 postea
1227 3919 1308 3979 cras.)

163 4005 215 4062 dim
294 4023 347 4059 non
365 4006 415 4059 illa
433 4007 473 4060 cd.
492 4007 571 4061 Rom.
591 4005 639 4059 illa
656 4023 711 4059 non
729 4004 926 4062 APVaa¹0T
988 4005 1021 4058 18
1041 4004 1089 4058 sed
1108 4020 1249 4073 quaenon
1268 4003 1309 4055 ui·

72 4100 74 4102 ’
165 4092 263 4146 dentur
282 4110 332 4148 om.
352 4097 382 4148 Ε
454 4095 487 4147 19
505 4095 601 4148 folium
620 4096 661 4163 lin
679 4111 730 4163 mp.
751 4098 796 4147 oc?
815 4094 844 4147 al
863 4092 1011 4162 speculum)
1036 4092 1062 4145 V
1143 4091 1257 4160 attingit
1276 4092 1310 4156 (it

73 4246 75 4251 ⁴
165 4199 197 4234 coc
221 4182 285 4248 itur)
310 4183 343 4239 a‘
433 4183 467 4236 20
496 4183 645 4237 secernitur
667 4186 732 4250 (om.
752 4183 833 4254 sesti
859 4182 925 4247 (itur
944 4198 976 4235 ex
995 4182 1017 4233 it
1036 4198 1069 4236 rra.
1090 4186 1148 4233 aot.
1168 4185 1192 4232 et
1214 4184 1309 4247 posteo

165 4273 221 4335 m2)
241 4270 278 4324 N¹
