2858 4824
126 403 243 468 LXXX
588 396 806 451 Praefatio.

126 595 237 659 deinde
262 593 346 676 quod
365 630 408 638 —
427 612 499 656 nam
523 591 586 673 ipsi
609 595 713 656 totum
737 611 870 674 pensum
896 589 1061 655 absoluere
1081 609 1142 654 non
1161 593 1274 673 potue-

125 705 259 768 1331-
278 701 442 767 ministros
463 700 686 782 adiutoresque
712 699 854 763 doctrina
877 702 971 780 atque
997 698 1171 762 eruditione
1196 697 1274 762 infe-

123 809 221 875 riores
246 809 423 873 adsciscere
448 807 549 871 coaoti
573 811 670 871 erant.
695 826 796 889 neque
821 806 1054 870 33133131133
1079 806 1183 888 operis
1206 825 1272 870 rec-

123 918 208 981 tores
232 915 355 999 fugisse
379 914 517 978 uidetur.
543 915 658 978 etenim
684 914 914 995 exemplaribus
938 914 1004 978 1313
1029 912 1271 977 3331133333-

124 1022 199 1086 11113
223 1041 284 1085 333
310 1021 457 1085 311113313
482 1021 566 1104 typis
590 1020 789 1103 repetendae,
815 1019 871 1083 sed
894 1039 995 1084 nouae
1018 1019 1173 1102 parandae
1199 1037 1270 1083 333-

122 1129 229 1193 silium
262 1130 422 1211 ceperunt.
460 1131 555 1209 atque
588 1131 625 1190 ut
657 1130 724 1191 erat
755 1126 786 1189 in
821 1127 866 1190 eis
901 1126 1042 1191 studium
1082 1125 1267 1189 acerrimum

119 1235 271 1316 laborque
305 1236 457 1299 adsiduus
485 1253 557 1298 mor
586 1234 624 1297 ad
652 1234 685 1297 id
713 1234 797 1317 quod
827 1233 888 1297 sibi
920 1235 1152 1316 proposuerant
1183 1251 1264 1297 exse·

122 1342 282 1423 quendum
311 1341 454 1425 adgressi
483 1344 567 1405 sunt.
601 1360 662 1423 qua
686 1341 724 1404 13
747 1360 780 1405 13
804 1360 861 1405 333
886 1340 1014 1404 edocuit
1037 1340 1073 1404 a.
1098 1340 1210 1404 Tassin
1234 1340 1266 1402 in
1302 1423 1305 1428 1

118 1449 199 1513 libro
229 1449 284 1531 qui
312 1449 494 1512 inscribitur
522 1449 664 1512 Histoire
687 1448 838 1511 litterairo
864 1448 901 1511 de
924 1448 957 1511 13
980 1447 1202 1530 congregation
1228 1447 1266 1511 de

120 1554 151 1619 S.
171 1555 264 1618 Maur
281 1576 311 1637 p.
334 1555 397 1618 146
417 1574 463 1637 sq.
473 1554 497 1640 1)
524 1555 615 1618 cuius
639 1555 736 1617 uerba
754 1555 824 1637 ipsa
843 1573 987 1618 sermone
1007 1552 1128 1618 Gallico
1148 1554 1265 1618 referre

119 1681 213 1742 qrram
245 1662 343 1724 latine
375 1661 574 1743 interpretari
606 1662 701 1725 malo.
739 1662 817 1724 baec
848 1661 949 1744 igitur
975 1660 1029 1723 1113
1059 1660 1096 1724 13
1125 1660 1264 1725 31111333

118 1769 216 1831 311313
249 1787 266 1831 3
297 1767 451 1832 Maurinis
485 1772 594 1850 parata
626 1770 744 1831 narrat:
777 1768 846 1830 ‘Les
876 1765 1080 1848 exemplaires
1110 1767 1147 1831 dn
1176 1769 1265 1830 etant

117 1873 253 1938 devenus
277 1893 374 1952 rares,
400 1892 438 1937 on
462 1894 561 1955 pensa
585 1874 602 1938 a
625 1875 656 1937 la
678 1874 875 1938 reneuveller
897 1873 922 1936 il
943 1893 964 1956 y
983 1893 1001 1936 a
1020 1876 1170 1954 quarente
1194 1891 1262 1936 ans.

117 1978 165 2043 On
189 2000 371 2069 commenoa
394 2001 450 2064 par
473 1982 659 2045 collationes
682 1981 762 2044 deur
787 2000 826 2044 ou
850 1980 929 2044 trois
952 1979 1144 2044 manuscrits
1153 1979 1178 2061 2)
1199 1980 1262 2044 1311

118 2087 243 2151 3331333
264 2087 318 2169 331
338 2087 462 2151 avoient
481 2087 598 2170 eohape
619 2107 677 2150 aux
698 2087 834 2152 13131313
854 2087 1003 2152 editeurs.
1028 2087 1111 2151 Dom
1129 2087 1260 2152 Nicolas

117 2192 154 2256 13
177 2192 294 2256 Nourri
318 2196 350 2257 et
373 2194 454 2258 Dom
479 2195 552 2257 Iean
578 2194 668 2258 Oarre'
691 2194 877 2258 Professeur
900 2194 939 2258 de
968 2193 1150 2277 Theologie,
1176 2193 1258 2257 avoi-

115 2302 168 2362 ent
200 2301 381 2386 3331133331
414 2303 432 2364 a
463 2303 578 2364 mettre
610 2302 642 2365 la
673 2303 757 2365 main
787 2301 804 2365 a
833 2303 916 2365 cette
949 2300 1095 2364 nouvelle
1124 2300 1257 2376 edition3

112 2406 193 2470 mais
218 2405 277 2470 3113
300 2425 395 2489 passa
419 2406 530 2488 depuis
554 2410 572 2469 a
594 2407 677 2471 Dom
700 2407 797 2471 Louis
815 2407 1005 2484 1131313311,
1024 2407 1089 2470 l’un
1109 2406 1164 2470 des
1183 2407 1258 2470 Bib-

111 2511 311 2577 liothecaires
346 2513 383 2576 de
411 2513 554 2596 l’abbaye
584 2514 621 2577 13
651 2512 681 2578 S.
708 2513 856 2578 Germain
886 2514 940 2578 des
969 2515 1055 2578 Pres.
1084 2513 1111 2576 ll
1139 2512 1257 2577 111113-

111 2619 227 2700 primar
254 2619 284 2682 13
311 2619 448 2701 premier
475 2622 571 2696 tome,
596 2623 628 2683 31
657 2640 695 2684 33
723 2620 873 2684 demeura
900 2622 940 2684 11.
980 2619 1022 2685 Oe
1051 2623 1178 2684 volume
1207 2623 1257 2685 est

111 2724 205 2808 garde
234 2725 311 2790 dans
339 2727 369 2790 le
397 2727 540 2809 magasin
566 2727 620 2792 des
644 2726 800 2791 Libraires
825 2746 862 2791 en
887 2726 1051 2791 attendant
1074 2728 1103 2791 13
1128 2728 1254 2793 second.

109 2831 191 2896 Dom
213 2832 395 2896 Le'merault
417 2833 501 2897 33111
521 2833 691 2922 1Ἀ133333
716 2837 765 2898 331
787 2837 871 2897 11311
894 2853 930 2897 33
958 2834 1043 2896 1756
1067 2852 1140 2897 3333
1169 2833 1256 2897 33311

107 2937 166 3000 1311
188 2941 259 3019 part
283 2938 320 3002 de
345 2958 402 3003 son
425 2940 539 3003 travail
562 2959 602 3003 au
625 2940 757 3022 publio.>
789 2959 959 3022 quaecum
982 2939 1144 3023 legissem,
1169 2958 1253 3004 com·

106 3043 214 3124 plures
240 3043 362 3110 Galliae
385 3046 472 3111 uiros
497 3047 605 3111 doctos
629 3047 746 3110 litteris
769 3045 878 3110 missis
902 3047 1023 3130 rogaui,
1048 3048 1094 3124 ut,
1119 3046 1253 3112 3113113

107 3152 162 3214 aut
184 3150 247 3232 ipsi
271 3153 427 3234 exemplar
449 3153 545 3218 buius
570 3153 718 3218 editionis
741 3153 901 3216 uidissent
924 3155 979 3216 aut
999 3153 1031 3216 in
1049 3153 1253 3235 bybliotheca

106 3256 212 3337 aliqua
238 3258 323 3321 bunc
350 3258 466 3322 librum
491 3262 594 3323 311313
619 3259 859 3341 comperissent,
884 3279 934 3323 mo
959 3259 997 3323 de
1022 3279 1114 3323 3313
1139 3261 1251 3324 certio-

103 3381 170 3425 rem
202 3363 350 3428 facerent.
394 3365 449 3429 sed
481 3366 640 3448 responsis
673 3386 781 3430 eorum
815 3366 954 3448 acceptis
986 3365 1126 3430 intellexi
1159 3385 1249 3448 spem

103 3469 198 3534 buius
217 3471 290 3534 libri
308 3472 508 3536 nanciscendi
528 3473 723 3538 abiciendam
743 3492 826 3549 esse3
851 3491 924 3536 nam
943 3492 982 3537 33
1000 3493 1100 3536 unum
1120 3473 1248 3553 quidem

103 3578 261 3660 exemplar
284 3578 323 3642 31
345 3579 531 3643 memoriam
554 3582 694 3643 nostram
718 3584 928 3663 propagatum
953 3597 1022 3643 esse
1045 3579 1184 3644 uidetur.

145 3684 181 3746 ln
215 3702 321 3749 sacrae
354 3686 527 3768 scripturae
558 3686 638 3751 locis
672 3705 806 3768 quorum
833 3687 1022 3751 Ambrosius
1052 3687 1247 3751 mentionem

101 3788 179 3854 fecit
209 3790 384 3856 indicandis
407 3793 544 3856 Maurini
576 3813 637 3857 non
668 3813 737 3858 eam
770 3814 863 3877 quam
890 3794 922 3857 in
951 3794 1008 3857 tali
1035 3814 1069 3859 13
1097 3793 1248 3858 adhibere

101 3894 232 3961 decebat
255 3897 453 3981 diligentiam
475 3899 710 3982 praestiterunt.
735 3901 862 3963 namin
887 3901 931 3964 eis
955 3901 1020 3966 1313
1043 3901 1123 3964 13313
1149 3901 1244 3985 signi·

145 4044 165 4115 1)
183 4045 288 4114 prodiit
305 4047 328 4099 13
347 4047 417 4100 liber
434 4048 546 4101 Parisiis
566 4066 589 4101 a.
609 4047 804 4111 MDCCXXVI,
825 4048 858 4103 cf.
877 4050 909 4102 R.
929 4049 1039 4102 Kukula
1056 4050 1085 4102 in
1104 4048 1163 4103 Act.
1178 4050 1243 4102 min.

99 4136 172 4189 acad.
200 4135 256 4188 litt.
283 4135 402 4189 Uindob.
431 4138 484 4190 uol.
511 4137 595 4191 CXXI
623 4142 647 4202 5,
675 4141 699 4192 7.
729 4156 779 4208 ego
808 4140 894 4192 altera
923 4140 980 4192 eius
1015 4138 1143 4201 editione,
1173 4156 1243 4208 quae

96 4223 228 4277 Bruxellis
249 4241 272 4280 a.
291 4224 463 4280 MDOCLXX
483 4227 510 4279 in
529 4226 616 4279 lucem
636 4227 732 4281 3131333
752 4231 802 4290 331,
822 4245 886 4281 3333
906 4245 973 4281 sum.

141 4311 162 4380 ²)
183 4313 216 4367 31.
237 4330 268 4366 33
288 4331 356 4383 quae
375 4313 408 4367 de
427 4315 519 4368 codice
537 4314 814 4386 Audomaropolitano
833 4334 860 4386 p.
879 4317 930 4370 LII
950 4317 1148 4372 adnotauimus.
