2858 4824
96 356 188 419 XXII
555 352 772 406 Praefatio.

96 548 262 629 inprimis
287 548 355 613 eius
381 546 610 628 Quaestionum
633 550 665 612 in
691 548 840 615 Genesim
869 551 986 615 librum
1013 551 1151 632 primum
1162 549 1187 636 1)
1213 554 1245 615 et

97 656 206 733 libros,
227 655 283 736 qui
300 656 410 739 legum
430 675 589 720 sacrarum
610 656 780 739 allegoriae
799 656 1024 733 inscribuntur,
1033 656 1057 742 ²)
1073 677 1108 722 ex
1128 659 1244 740 quibus

97 764 254 845 permulta
290 781 398 826 eorum
436 782 516 845 quae
553 762 613 828 hoo
650 763 805 843 opusculo
843 763 1042 828 continentur
1078 765 1244 829 fluxerunt.

99 869 233 952 singulis
257 869 336 933 locis
359 869 497 951 respexit
520 873 576 934 aut
600 872 683 934 certe
705 869 862 952 respicere
886 870 992 954 potuit
1015 908 1058 916 -
1081 891 1154 935 narn
1173 871 1246 935 Phi-

98 976 203 1040 lonem
227 975 311 1039 binis
335 979 391 1039 ant
414 974 560 1059 pluribus
585 976 682 1040 etiarn
705 977 785 1041 locis
810 978 938 1042 eandem
963 996 1029 1040 rem
1056 979 1246 1043 tractauisse

98 1083 163 1146 iam
183 1102 278 1166 supra
298 1083 433 1147 diximus
449 1091 492 1128 -‘-
510 1082 609 1147 libros
629 1083 667 1148 dc
687 1083 811 1164 opificio
832 1083 983 1168 mundi‚³)
1004 1084 1040 1147 de
1059 1085 1246 1166 posteritate

101 1187 223 1274 datust)
249 1190 287 1253 de
310 1189 459 1272 praemiis
489 1193 519 1254 et
543 1189 699 1272 poenis,⁵)
729 1190 766 1254 de
785 1189 987 1273 Ab1·alram⁶).
1011 1193 1118 1255 utrum
1139 1196 1247 1256 autem

100 1297 175 1373 273,
201 1296 242 1359 25
266 1296 372 1379 ipsum
396 1296 560 1360 Platonem
585 1317 622 1360 an
646 1297 678 1360 in
702 1297 886 1361 uniuersum
910 1297 1118 1381 philosophos
1151 1298 1247 1381 signi-

100 1402 244 1466 ficauerit
269 1403 360 1485 plane
390 1404 546 1467 incertum
571 1407 629 1468 est.
668 1407 807 1468 ceterum
831 1404 1035 1468 memorabile
1060 1408 1109 1469 est
1131 1404 1163 1468 in
1186 1406 1247 1469 hoe

99 1508 209 1574 libello
234 1529 271 1573 ne
295 1529 357 1573 uno
383 1510 510 1592 quidem
534 1511 604 1574 loco
630 1511 767 1575 colorem
793 1511 1008 1594 Uergilianum
1040 1511 1248 1594 conspicuum

102 1634 181 1682 esse.
214 1616 298 1698 quod
326 1638 355 1698 p.
382 1619 456 1694 298,
483 1618 501 1680 6
525 1616 645 1699 legitur
668 1616 959 1681 ‘immedicabilium
983 1618 1164 1681 uulnerum'
1185 1638 1246 1682 non

102 1741 137 1784 ex
166 1720 280 1787 Ouidio
315 1726 478 1806 sumptum
506 1727 564 1800 est,
593 1724 649 1786 sed
676 1724 738 1787 iam
766 1727 836 1786 tum
865 1724 991 1807 uulgari
1019 1725 1248 1789 consuetudine

100 1827 131 1890 in
156 1829 321 1892 hominum
345 1849 396 1893 ore
421 1830 616 1894 uersabatur.
641 1830 748 1913 magni
771 1831 848 1894 fecit
871 1830 953 1893 hunc
976 1830 1122 1894 libellum
1139 1831 1249 1913 Augu-

102 1935 215 2012 stinus,
232 1937 286 2017 qui
306 1956 378 2000 eum
394 1937 610 2019 compluribus
627 1937 729 2019 operis
746 1940 854 2001 eontra
867 1938 1027 2001 Iulianum
1041 1936 1249 2020 Pelagianum

103 2042 213 2122 scripti
235 2043 315 2107 locis
340 2043 497 2107 laudauit:
522 2045 554 2108 Π
578 2047 608 2121 5,
632 2036 671 2106 13
696 2044 750 2127 (of.
771 2045 818 2108 ΙΙΙ
838 2045 891 2121 21,
911 2044 982 2127 48),
1008 2044 1116 2120 6,16,
1143 2045 1172 2121 7,
1194 2045 1248 2108 20.

146 2150 305 2214 Libellum
326 2151 364 2215 de
385 2151 479 2216 Cain
506 2155 544 2216 ct
567 2151 668 2215 Abel
692 2171 763 2214 oum
784 2152 939 2232 opusculo
960 2151 997 2213 de
1017 2150 1162 2233 paradiso
1183 2153 1249 2214 arte

104 2257 269 2321 cohaerere
294 2260 327 2321 et
350 2261 535 2342 argumenta
557 2258 671 2321 horum
694 2258 847 2322 librorum
870 2261 1028 2321 testantur
1052 2261 1084 2321 et
1107 2277 1143 2320 ea
1169 2275 1249 2338 quae

102 2364 190 2428 illius
223 2364 313 2429 initio
345 2366 509 2448 leguntur:
548 2365 596 2429 ‘de
627 2365 772 2447 paradiso
805 2365 837 2428 in
872 2364 1159 2446 superioribus
1193 2381 1249 2446 pro

104 2473 199 2552 captu
227 2474 346 2550 nostro,
370 2475 408 2536 ut
434 2473 610 2554 potuimus,
636 2472 721 2553 qnod
745 2471 891 2535 dominus
916 2470 1043 2548 infudit,
1068 2490 1181 2535 sensus
1205 2470 1251 2532 in-

106 2577 193 2641 uenit
222 2578 416 2662 digessimus
434 2628 441 2644 .
458 2629 465 2643 .
483 2628 490 2642 .
506 2598 588 2642 nune
604 2628 611 2642 .
629 2627 636 2641 .
653 2628 660 2642 .
678 2580 915 2660 sequentem
945 2577 1122 2641 adoriamur
1150 2575 1252 2640 histo-

103 2683 183 2748 riam
200 2688 232 2748 et
246 2705 282 2750 ea
297 2705 376 2767 quae
392 2686 568 2750 seeundum
584 2686 758 2768 scripturas
774 2687 850 2748 sunt
868 2684 985 2748 adnexa
1000 2684 1123 2747 diuinas
1142 2685 1251 2748 nostro

105 2811 197 2874 opere
218 2793 531 2875 prosequamur'.
553 2810 633 2874 quae
652 2791 750 2855 uerba
769 2791 957 2855 Ambrosius
977 2793 1056 2868 turn,
1074 2809 1147 2854 cum
1166 2790 1251 2854 hunc

104 2898 222 2963 librum
248 2919 264 2963 e
289 2900 488 2964 sermonibus
514 2899 723 2976 concinnauit‚
744 2898 897 2963 adiecisse
921 2897 1057 2962 uidetur.
1081 2897 1145 2959 iarn
1169 2896 1198 2960 si
1220 2895 1252 2958 in

152 3109 171 3175 ¹)
193 3108 225 3162 cf.
250 3110 311 3174 266,
335 3110 382 3172 25;
407 3111 467 3172 267,
492 3109 516 3163 8.
538 3109 579 3162 10.
601 3109 646 3171 16;
671 3109 732 3171 273,
752 3109 800 3172 22,
821 3109 881 3170 274,
901 3108 930 3170 3,
956 3107 1016 3170 275,
1038 3106 1083 3169 16,
1104 3104 1166 3167 276,
1186 3106 1202 3158 9
1222 3107 1250 3157 et

107 3199 152 3264 14,
173 3197 233 3262 277,
253 3201 282 3262 5,
302 3198 363 3263 281,
383 3198 416 3251 21
424 3219 431 3262 ;
451 3198 512 3262 282,
532 3199 578 3262 22,
599 3198 660 3262 300,
680 3199 709 3263 3,
729 3198 790 3261 304,
811 3198 837 3261 1,
858 3196 918 3260 306,
940 3196 965 3260 1,
988 3195 1049 3259 322,
1069 3195 1116 3257 22,
1136 3195 1197 3256 327,
1218 3194 1249 3256 2,

105 3287 166 3347 328,
188 3288 215 3349 7,
236 3287 296 3350 331,
317 3287 358 3340 11.
1146 3339 1151 3350 ,

152 3374 171 3441 ²)
193 3375 226 3429 cf.
246 3376 307 3438 266,
329 3376 361 3429 16
382 3379 409 3430 et
432 3377 477 3440 25,
503 3376 565 3437 267,
589 3375 613 3429 8,
635 3376 675 3428 12.
698 3376 738 3429 15.
760 3375 805 3439 16,
830 3372 956 3437 271,15,
981 3372 1041 3433 272,
1065 3372 1095 3435 4,
1122 3371 1183 3432 273,
1203 3371 1251 3433 22,

107 3467 167 3528 274,
188 3466 212 3522 3.
231 3468 256 3518 4.
279 3466 324 3529 19,
349 3466 410 3528 276,
430 3466 455 3518 2.
475 3467 500 3519 7.
524 3466 565 3518 14.
586 3465 633 3531 20,
658 3466 719 3528 277,
738 3464 786 3527 20,
812 3464 871 3525 279,
892 3463 939 3526 20,
964 3461 1025 3517 281.
1050 3462 1097 3527 21,
1123 3460 1183 3524 282,
1203 3460 1250 3522 22,

107 3554 168 3620 300,
193 3554 222 3618 3,
251 3554 312 3616 304,
340 3555 367 3619 1,
396 3554 457 3616 308,
485 3555 529 3618 13,
559 3554 619 3617 322,
645 3553 693 3617 22,
722 3553 783 3616 324,
810 3552 837 3615 3,
868 3551 928 3613 328,
956 3553 984 3615 7,
1014 3551 1074 3611 331,
1106 3551 1120 3603 7
1151 3551 1179 3602 et
1207 3547 1251 3611 18,

107 3642 167 3706 334,
189 3642 229 3698 18.

152 3731 173 3799 3)
194 3731 226 3784 cf.
247 3732 308 3797 267,
329 3732 374 3794 15,
395 3732 455 3794 271,
476 3731 500 3784 8.

152 3821 173 3888 4)
193 3821 226 3874 cl.
247 3821 307 3884 266,
327 3821 375 3883 25,
396 3821 456 3883 277,
478 3820 520 3872 19.

153 3911 174 3980 ⁵)
193 3910 226 3966 cf.
247 3911 307 3973 277,
329 3911 371 3964 17,

153 3999 174 4066 6)
195 4000 227 4053 cf.
247 4002 307 4062 277,
329 4001 371 4053 15.
392 4002 508 4053 ceterum
527 4016 592 4052 num
611 3997 766 4051 Ambrosius
785 3996 882 4050 Basilii
902 3995 935 4048 de
958 3994 1083 4064 paradiso
1103 4007 1253 4046 sermonem

109 4091 193 4156 (Patr.
215 4088 259 4143 Gr.
278 4088 352 4142 XXX
372 4090 405 4143 62
425 4089 466 4142 M.
487 4089 501 4141 Ι
519 4089 570 4141 347
593 4087 637 4153 G.)
662 4087 809 4156 respexerit
833 4084 905 4138 haud
931 4083 1008 4137 facile
1028 4081 1168 4135 diiudiees.
1187 4097 1254 4133 non-

107 4179 190 4232 nullis
210 4196 273 4232 sane
292 4178 369 4240 lecit,
389 4178 411 4231 si
429 4178 479 4231 hos
498 4177 581 4230 libros
602 4175 731 4238 conferas,
751 4172 1053 4243 similitudo.qnaeda1u
1078 4169 1253 4238 conspicitur,

109 4269 156 4324 sed
177 4287 208 4323 ea
226 4286 279 4322 non
298 4271 377 4321 tanta
396 4270 487 4320 estut
507 4269 606 4320 certam
626 4265 790 4318 sententiam
808 4262 878 4316 ferre
897 4263 985 4316 liceat.
