2858 4824
108 355 171 417 575
580 344 775 398 Ambrosii

106 544 328 628 inquinabo
353 542 477 605 illos?
501 545 630 603 neretur
654 539 746 614 enim,
771 558 808 601 ne
832 540 948 601 iterum
972 539 1004 602 in
1027 540 1254 620 temptationes

105 654 261 734 resurgat,
295 669 332 712 ne
365 648 481 712 iterum
514 646 545 709 in
579 647 706 728 culpam
739 645 847 708 redeat
885 648 979 726 atque
1016 650 1185 729 peccatum
1224 651 1255 710 et

106 776 253 841 egressus
273 775 349 819 suos
373 755 594 835 uirtutumque
613 770 783 834 processus
803 753 934 816 terrenis
954 753 1086 835 incipiat
1104 754 1253 838 uestigiis

104 865 277 947 inquinare.
311 865 394 926 certe
423 861 520 925 etiarn
548 861 608 924 hoo
636 858 729 923 modo
757 859 981 942 perfectionem
1012 861 1144 924 uirtutis
1177 881 1253 924 suae
1319 868 1336 923 O

105 971 233 1045 iudicat,
267 987 347 1050 qnae
378 969 500 1030 tantam
534 964 653 1029 Christi
684 965 802 1029 meruit
834 965 1009 1044 caritatem,
1042 969 1079 1029 ut
1111 967 1150 1030 ad
1184 988 1251 1032 eam
1282 989 1293 1028 a

105 1076 214 1141 ueniat
246 1077 277 1139 et
309 1075 418 1157 pulset
448 1073 574 1135 ianuam
603 1072 671 1136 eius
700 1076 732 1136 et
759 1072 867 1136 ueniat
896 1091 969 1135 cum
996 1075 1084 1154 patre
1109 1077 1141 1137 et
1164 1079 1254 1139 cenet

105 1203 177 1247 cum
208 1181 316 1246 eadem
345 1180 449 1243 anima
478 1179 604 1261 etipsa
628 1198 700 1242 cum
724 1197 771 1254 ec,
796 1179 882 1242 sicut
904 1178 936 1242 in
959 1180 1153 1264 Apocalypsi
1176 1181 1254 1246 dixit

104 1289 270 1354 Iohannes.
296 1286 412 1351 etenim
438 1306 510 1350 cum
534 1287 565 1349 in
591 1285 807 1367 superioribus
832 1285 987 1349 audisset:
1017 1287 1111 1351 ades
1135 1288 1211 1352 huc
1233 1308 1252 1351 a

104 1395 268 1472 Libano,
294 1412 454 1476 sponsa,
480 1392 574 1455 ades
599 1391 674 1455 huc
699 1411 716 1453 a
739 1390 889 1455 Libano
916 1395 947 1455 et
971 1411 1044 1456 curn
1072 1394 1254 1460 adnecteret

103 1502 134 1565 in
170 1520 259 1565 carne
293 1520 327 1564 se
357 1499 482 1565 Christo
517 1498 628 1562 adesse
661 1518 722 1563 non
754 1517 859 1580 posse,
889 1500 947 1563 sed
973 1503 1049 1564 tunc
1077 1502 1200 1580 adesse,
1224 1504 1252 1567 si
1272 1526 1293 1562 u

104 1608 232 1673 adesset
254 1608 286 1671 in
312 1607 436 1690 spiritu,
462 1601 660 1670 conformans
681 1624 714 1668 se
734 1605 773 1668 ad
793 1605 861 1669 eins
880 1605 1090 1687 uoluntatem,
1110 1611 1148 1672 ut
1166 1614 1253 1673 esset

105 1720 136 1778 et
168 1715 237 1797 ipsa
271 1713 439 1778 conformis
471 1712 619 1795 imaginis
654 1710 782 1788 Christi,
819 1713 882 1776 iam
915 1732 975 1777 non
1013 1715 1110 1778 sent't
1149 1718 1251 1781 carnis
1311 1723 1332 1774 u

104 1821 244 1898 exuuias,
277 1821 340 1884 iam
374 1820 464 1903 quasi
496 1819 627 1901 spiritus
661 1819 747 1891 exuit
779 1839 812 1882 se
846 1820 984 1902 corporis
1018 1822 1249 1899 coniunctione,

103 1928 166 1990 iam
196 1927 288 2009 quasi
316 1927 415 1991 oblita
444 1929 475 1989 et
504 1945 593 2007 quae,
624 1926 651 1989 si
678 1926 768 2004 uelit,
798 1928 930 2008 copulae
953 1927 1042 1992 illius
1065 1930 1250 1995 meminisse

104 2053 165 2096 non
184 2033 298 2116 possit,
319 2033 378 2096 ait:
404 2033 491 2096 erui
515 2033 695 2096 tunicam
720 2052 852 2104 meam,
874 2034 1067 2115 quomodo
1086 2035 1249 2101 induam
1268 2063 1293 2101 n

104 2141 211 2205 eam?
240 2140 326 2202 enuit
354 2140 436 2203 enim
464 2139 605 2203 tunicam
633 2139 721 2203 illam
748 2140 916 2222 pelliciam,
942 2161 1037 2224 quam
1060 2148 1250 2225 acceperunt

102 2247 204 2310 Adam
239 2248 271 2308 et
303 2246 370 2308 Ilua
402 2249 476 2326 post
508 2247 645 2328 culpam,
684 2247 823 2309 tunicam
863 2248 1069 2328 corruptelae,
1107 2250 1247 2314 tunicam

101 2353 297 2435 passionum.
333 2352 529 2433 quomodo
564 2353 726 2416 induam
760 2357 867 2417 eam?
900 2374 960 2418 non
989 2355 1121 2436 requirit
1144 2360 1181 2421 ut
1204 2358 1248 2420 in—

101 2460 187 2536 duat,
226 2460 282 2522 sed
318 2459 364 2523 ita
401 2458 560 2542 significat
597 2461 763 2536 abiectam,
800 2463 837 2524 ut
872 2459 936 2524 iam
967 2461 1152 2528 indumento
1187 2465 1247 2528 sibi

101 2585 171 2629 esse
207 2584 268 2629 non
307 2566 420 2648 possit.
458 2566 543 2629 lani
580 2567 702 2649 pedes
736 2587 855 2645 meos,
890 2567 1084 2650 quomodo
1117 2569 1291 2652 inqui-ao

101 2673 199 2736 nabo
234 2676 325 2737 eos?
358 2673 419 2737 hoc
452 2677 514 2737 est:
548 2674 688 2758 uestigia
715 2694 786 2737 mea
813 2675 888 2752 lani,
919 2674 993 2738 dum
1023 2676 1187 2759 egrederer
1210 2698 1246 2742 ac
1309 2681 1327 2734 Ε

14 2772 20 2783 ⁸
100 2798 149 2841 me
183 2778 340 2841 eleuarem
371 2779 408 2842 de
442 2780 582 2862 corporis
616 2781 831 2858 contubernio,
867 2781 903 2844 de
932 2780 988 2844 illa
1016 2782 1185 2847 conexione
1215 2788 1246 2848 et

100 2884 314 2949 familiaritate
345 2887 478 2949 carnalis
508 2888 681 2968 amplexus,
706 2888 864 2969 quomodo
887 2887 1058 2969 inquinabo
1084 2908 1129 2966 ea,
1154 2893 1191 2954 nt
1214 2890 1244 2953 in
1269 2898 1272 2905 '

189 3073 307 3144 5Apoc.
328 3076 352 3136 3,
372 3076 407 3128 20
468 3075 662 3138 abatissa
733 3078 765 3129 12
783 3078 859 3130 Rom.
880 3077 904 3142 8,
925 3079 958 3132 29
1028 3081 1060 3134 16
1081 3078 1147 3133 Gen.
1167 3082 1193 3135 3.
1213 3083 1244 3135 21

137 3180 150 3231 1
170 3179 347 3246 inquinabulo
367 3180 394 3232 A
449 3180 510 3233 illos
529 3180 571 3249 (ric
589 3183 657 3243 ros.)
678 3182 703 3233 V
720 3198 765 3234 cos
783 3181 822 3234 N‘
878 3184 893 3239 2
914 3185 991 3252 culpa
1005 3185 1032 3236 P
1049 3190 1075 3237 ct
1095 3189 1208 3253 (01003)
1224 3190 1247 3244 11
1264 3177 1266 3181 ’

100 3269 115 3319 3
136 3283 259 3335 egressus
274 3267 307 3322 21¹
328 3272 353 3332 (e
368 3285 413 3335 pr.
434 3285 514 3329 eros,
534 3287 565 3321 us
585 3287 617 3322 eor
637 3274 677 3335 os)
697 3270 722 3322 T
740 3272 765 3332 (c
779 3287 825 3338 pr.
846 3273 926 3340 oros.)
945 3289 1053 3341 gressus
1067 3275 1098 3327 E
1132 3277 1246 3329 tetiam

98 3372 119 3407 s.
139 3372 165 3408 u.
189 3356 220 3419 T,
236 3356 399 3423 postmodo
419 3358 579 3424 transponit
601 3358 623 3411 C
694 3361 710 3412 5
730 3357 853 3427 indigeat
871 3361 898 3412 A
917 3361 940 3429 (1
959 3364 1002 3414 cat
1020 3379 1041 3414 s.
1061 3367 1127 3430 geat
1145 3369 1202 3430 m2)
1222 3366 1248 3418 P

100 3448 125 3507 (c
143 3459 163 3494 s.
179 3449 225 3510 ge)
251 3444 299 3500 Va
318 3450 343 3496 et
362 3445 441 3513 (corr.
461 3450 517 3510 002(
536 3448 568 3503 bt*
681 3448 780 3500 meruit
798 3449 822 3517 (l
841 3449 893 3501 erit
911 3453 957 3500 102
976 3466 996 3504 s.
1016 3451 1049 3520 it)
1069 3453 1096 3503 A
1119 3455 1247 3507 meruerit

103 3517 211 3584 VNT'O
264 3533 508 3603 lapocalipsinA
529 3539 557 3600 (n
578 3537 642 3589 odd.
662 3540 718 3603 or2)
740 3537 888 3606 apocalipsi
908 3538 1032 3595 thb¹⁴E
1084 3540 1247 3597 8iohannes

99 3621 238 3689 apostolus
258 3621 285 3673 A
306 3623 376 3691 (apls
395 3640 416 3676 s.
436 3641 463 3676 or.
483 3627 540 3691 002(
565 3626 614 3678 To
667 3626 753 3679 adbuc
772 3628 799 3679 A
820 3627 865 3694 (ad
884 3644 942 3696 arcp.
962 3631 1019 3693 m2)
1034 3629 1061 3681 P
1115 3632 1131 3684 9
1148 3648 1246 3701 sponsa

99 3725 119 3761 s.
131 3726 157 3760 u.
170 3713 231 3773 (our.
246 3711 294 3763 olt.
307 3710 370 3763 ades
383 3754 387 3764 .
400 3755 405 3764 .
418 3755 423 3766 .
434 3712 548 3777 Libano)
563 3716 586 3767 Τ
637 3732 734 3783 sponsa
747 3758 752 3768 .
765 3760 770 3770 .
784 3759 788 3767 .
800 3715 902 3768 Libano
913 3733 964 3770 om.
980 3717 1060 3770 VNO
1096 3719 1129 3772 lo
1146 3719 1248 3775 Christi

97 3798 120 3852 11
140 3803 164 3849 et
189 3799 268 3867 (corr.
289 3801 345 3866 or2)
365 3801 398 3856 91⁴
473 3802 503 3854 11
530 3803 689 3855 continuans
709 3806 735 3856 A
761 3805 783 3868 (1·
802 3804 844 3856 for
863 3809 946 3860 or2s.
967 3807 1009 3871 fir)
1029 3807 1056 3858 P
1130 3810 1163 3862 12
1184 3827 1246 3863 con-

98 3885 191 3937 formis
212 3887 232 3952 (i
251 3903 284 3940 eac
303 3892 327 3953 e)
347 3889 375 3940 P
445 3890 558 3958 imagini
576 3891 639 3944 1³¹0
693 3894 725 3946 13
746 3892 819 3945 exuit
838 3894 861 3963 (1
881 3910 928 3946 eus
947 3898 994 3949 or2
1012 3912 1033 3949 s.
1053 3896 1086 3960 it)
1101 3897 1129 3950 A
1149 3914 1247 3953 exuens

102 3973 208 4027 VNTO
296 3977 512 4039 coniunctionem
533 3979 560 4032 A
584 3981 774 4034 coniunctione
794 3982 820 4033 P
912 3985 945 4036 14
965 4000 1016 4054 que
1038 3985 1061 4037 si
1082 3985 1107 4049 (1
1127 3989 1246 4055 quasis·

97 4063 153 4127 002)
172 4062 199 4115 A
265 4065 297 4118 15
319 4067 391 4119 exuit
411 4070 434 4129 (t
453 4069 534 4137 crae.)
553 4071 580 4121 A
646 4071 677 4122 18
698 4071 766 4139 ram]
788 4071 862 4123 illam
885 4072 935 4123 To
1001 4073 1032 4126 19
1053 4073 1161 4128 abiecta
1180 4077 1203 4143 (1
1221 4095 1248 4130 m

97 4166 117 4201 s.
138 4150 203 4203 aad.
223 4155 279 4218 012)
300 4154 326 4205 A
393 4157 538 4224 capesset
562 4158 587 4208 V
588 4158 714 4214 rtrrouc
731 4165 755 4212 et
776 4160 795 4226 (1
814 4177 834 4212 s.
856 4160 881 4229 q)
905 4160 929 4212 P
982 4161 1014 4213 21
1036 4163 1093 4231 eos]
1114 4163 1177 4218 illos
1201 4168 1250 4220 TC

96 4239 131 4291 23
152 4245 184 4291 ea
203 4241 226 4310 (1
245 4259 260 4294 a
279 4258 300 4297 s.
321 4249 336 4295 a
356 4245 412 4311 m2)
431 4246 458 4296 A
478 4262 523 4297 cos
543 4246 580 4296 N‘
