2858 4824
561 351 781 405 Praefatio.
1212 355 1240 416 'p'

96 544 249 610 librorum
278 566 444 610 numerum
474 546 597 611 efficere
625 549 787 626 uolumus,
811 548 1015 613 statuendum
1044 547 1242 614 661066616-

96 651 209 714 dorum
239 652 330 716 tertio
357 652 450 731 libro,
480 671 541 733 quo
571 652 608 717 16
636 654 725 717 Isaac
758 652 936 736 expositum
969 673 1039 718 esse
1072 654 1159 731 11611,
1189 655 1241 719 ad-

96 758 237 822 iunxisse
260 759 404 823 libellum
430 759 467 824 16
496 759 577 824 bono
606 760 729 840 6666116,
754 761 809 842 661
836 763 999 843 tamquam
1023 761 1118 825 166166
1143 762 1241 826 611666

96 883 169 947 6666
193 869 252 943 661,
277 865 356 931 1666
379 867 477 931 libros
502 867 540 930 de
564 867 668 944 Iacob,
694 867 828 948 denique
853 867 1042 949 opusculum
1068 867 1106 931 16
1124 868 1239 950 Ioseph

96 991 170 1036 cum
195 992 241 1051 eo,
266 973 351 1054 quod
373 975 510 1038 666616
529 974 803 1039 benedictionibus
825 974 1073 1056 patriarcharum
1096 978 1239 1053 uocatur,

97 1079 312 1144 coniunctum.
326 1079 350 1160 ¹)
379 1099 452 1145 cum
480 1081 580 1164 igitur
607 1084 726 1144 6661666
753 1101 822 1146 6666
847 1081 993 1145 61166166
1017 1080 1241 1147 Cassiodorum

96 1185 127 1248 16
161 1187 373 1270 computando
407 1188 486 1253 duos
519 1189 617 1254 libros
651 1189 688 1253 de
720 1190 816 1253 Iacob
849 1188 959 1270 quinto
993 1191 1025 1253 61
1053 1192 1140 1253 66616
1168 1189 1239 1253 1666

97 1293 253 1375 posuisse,
278 1295 408 1359 eandem
433 1315 559 1377 666666
581 1295 735 1361 rationem
761 1315 832 1359 eum
856 1296 888 1359 in
911 1296 1001 1359 librIs
1026 1294 1064 1359 16
1083 1294 1241 1359 Abraham

97 1400 298 1464 numerandis
332 1403 510 1483 amplexum
544 1421 613 1467 esse
647 1406 741 1487 atque
774 1421 811 1466 ea
843 1421 922 1485 6666
954 1403 985 1464 16
1019 1401 1143 1466 exordio
1167 1401 1241 1465 libri

96 1506 134 1570 de
162 1507 277 1590 Ioseph
306 1508 456 1592 leguntur
484 1513 630 1574 secutum
653 1510 799 1574 libellum
824 1509 861 1573 16
884 1509 953 1573 Noe
978 1528 995 1572 a
1019 1528 1148 1591 corpore
1171 1508 1238 1584 illo,

97 1613 180 1695 quod
207 1615 455 1697 patriarcharum
485 1617 610 1681 nomine
639 1617 843 1701 significauit,
873 1617 1046 1682 occlusisse
1078 1615 1240 1698 probabile

95 1727 154 1784 661.
179 1721 338 1802 6661616.
360 1725 379 1786 6
400 1723 491 1788 dicit:
516 1730 599 1787 ‘nam
623 1727 752 1788 6666166
776 1723 963 1789 Ambrosius
987 1724 1018 1787 16
1041 1724 1121 1787 libro
1145 1722 1240 1805 patri-

95 1828 271 1905 archarum,
307 1830 360 1893 ubi
394 1830 431 1894 (16
463 1849 598 1913 6666666
629 1831 744 1913 166661
777 1831 845 1912 1666
876 1832 1030 1913 loquitur,
1064 1829 1239 1894 secundum

95 1933 212 1999 librum
231 1935 514 2002 Macchabaeorum
535 1938 669 2019 exempli
688 1958 785 2003 causa
804 1938 1083 2015 commemorauit,
1097 1937 1239 2020 legentes

94 2041 134 2104 ad
159 2043 315 2108 sectiones
340 2046 380 2107 41
407 2048 439 2108 61
462 2047 504 2108 42
528 2046 602 2110 libri
625 2046 756 2111 61166166
781 2046 819 2109 16
842 2045 938 2110 Iacob
963 2044 1100 2127 delegat,
1124 2043 1238 2125 quibus

95 2147 379 2215 Macchabaeorum
398 2153 538 2217 laudatio
558 2153 676 2217 616666
695 2157 752 2220 est.
778 2152 833 2216 661
856 2152 972 2215 mirum
997 2170 1070 2216 sane
1094 2154 1142 2214 661
1167 2169 1240 2213 eum

95 2254 155 2319 hoc
183 2258 253 2322 loco
283 2259 448 2342 scripsisse
473 2259 514 2322 ‘in
541 2260 623 2325 libro
652 2260 1019 2342 pat1·iarclrarum’,cum
1047 2259 1142 2339 paulo
1168 2259 1239 2320 6616

95 2381 120 2428 c.
145 2365 164 2427 5
190 2366 368 2430 accuratius
397 2386 564 2430 numerum
590 2367 664 2431 libri
692 2367 798 2431 uerbis
822 2366 863 2430 ‘in
886 2366 967 2430 libro
990 2364 1085 2429 tertio
1110 2363 1239 2446 patriar-

94 2471 236 2536 charum'
258 2473 457 2552 indicauerit,
481 2494 583 2557 66666
606 2474 674 2538 6661
699 2474 802 2539 simile
827 2493 900 2537 eum
925 2491 1039 2556 corpus
1062 2471 1143 2535 illud
1165 2467 1239 2533 libri

95 2579 221 2643 nomine
242 2579 471 2664 designauisse.
493 2600 587 2662 quam
607 2581 732 2645 obrem
756 2583 1002 2645 consentaneum
1022 2596 1092 2641 esse
1110 2575 1240 2639 uidetur

92 2685 211 2764 ‘sexto',
237 2687 321 2768 quod
345 2706 474 2754 numero
495 2688 539 2752 VI
559 2688 714 2771 scriptum
738 2690 813 2766 erat,
836 2689 911 2768 post
933 2685 986 2748 ‘in'
1006 2683 1169 2748 excidisse.
1189 2681 1239 2745 his

92 2790 193 2875 igitur
207 2794 357 2876 expositis
372 2795 435 2858 iam
446 2794 485 2858 ad
496 2795 714 2877 quaestionem
726 2813 820 2877 quam
830 2795 1004 2857 tractamus
1015 2788 1239 2871 expediendam

92 2900 231 2965 reuersis
254 2901 346 2966 nobis
371 2902 408 2966 16
433 2903 599 2984 66666616,
625 2903 710 2984 6661
733 2902 771 2966 16
792 2900 867 2967 Cain
892 2903 925 2964 61
942 2898 1023 2963 Abel
1045 2896 1237 2973 inscribitur,

93 3009 250 3093 agendum
275 3012 334 3074 661.
358 3010 443 3091 6661
466 3009 596 3073 eandem
619 3009 683 3073 fere
708 3011 826 3073 sortem
851 3001 1238 3089 quamlibe1·deloseplr

93 3118 255 3198 expertum
289 3118 338 3180 661
370 3116 508 3198 pessime
541 3116 573 3180 in
603 3117 682 3180 duos
709 3115 807 3180 libros
837 3113 988 3178 diuisum.
1013 3110 1129 3194 quain
1152 3129 1186 3173 re
1209 3109 1238 3173 16

93 3222 147 3304 661
178 3222 259 3286 hanc
293 3222 482 3288 diuisionem
515 3223 659 3288 instituit
690 3220 914 3305 disputationis
946 3222 1087 3284 tenorem
1119 3220 1238 3280 temere

91 3328 263 3412 interrupit
285 3351 387 3414 66666
409 3330 443 3395 11
467 3331 600 3410 6666611,
625 3333 663 3394 61
686 3333 718 3394 61
739 3329 813 3393 libri
840 3327 954 3412 prioris
979 3326 1081 3391 exitus
1106 3327 1138 3388 et
1162 3324 1237 3388 alto·

90 3437 158 3501 rius
184 3437 346 3502 exordium
365 3441 437 3519 apte
457 3439 734 3504 conformarentur.
747 3437 771 3516 2)
791 3439 900 3500 utrum
920 3436 1027 3498 autem
1047 3431 1238 3514 opusculum

93 3543 131 3608 16
156 3544 233 3610 Cain
258 3547 290 3610 et
312 3544 392 3609 Abel
416 3565 432 3609 6
457 3545 655 3610 sermonibus
681 3542 850 3609 conflatum
874 3541 917 3605 sit
940 3560 978 3603 an
1000 3538 1065 3603 iam
1088 3537 1236 3620 primitus

91 3651 124 3715 in
156 3651 332 3734 legentium
365 3669 460 3714 usum
493 3650 716 3733 compositum,
749 3649 843 3713 certis
877 3643 1072 3730 argumentis
1105 3643 1237 3726 prolatis
1290 3695 1294 3701 .

92 3758 259 3823 diiudicari
290 3776 351 3822 non
383 3760 500 3841 potest.
534 3757 679 3840 adsurgIt
712 3775 786 3820 6666
818 3753 869 3818 hio
902 3753 970 3817 illic
1004 3751 1103 3817 oratio
1135 3768 1236 3833 66666

137 4003 158 4070 ¹)
178 4003 224 4057 uix
243 4004 313 4057 enim
332 4004 497 4057 uerisimile
517 4006 558 4056 661
576 4019 636 4056 eum
656 4001 724 4054 duos
744 3999 777 4053 dc
795 3997 876 4053 Iacob
895 3998 979 4053 libros
996 3999 1135 4066 tamquam
1155 4011 1236 4047 unum

91 4092 277 4146 numerauisse
296 4094 325 4147 et
341 4092 464 4146 libellum
483 4091 516 4146 16
537 4089 771 4144 benedictionibus
794 4087 1008 4157 patriarcharum
1030 4088 1168 4152 tamquam
1191 4098 1237 4152 pe·

92 4181 219 4235 ouliarem
238 4182 314 4235 iuxta
332 4181 409 4235 illum
430 4197 483 4250 quo
503 4180 535 4233 16
554 4178 653 4248 Ioseph
673 4178 763 4248 agitur
781 4176 911 4246 posuisse.

136 4270 159 4340 2)
179 4271 212 4327 cf.
233 4288 301 4340 6666
321 4271 354 4326 16
372 4271 424 4324 hac
442 4287 470 4324 66
491 4269 699 4340 1166616666661
716 4266 834 4320 Maurini
852 4264 905 4318 uol.
925 4264 938 4317 Ι
957 4280 982 4332 p.
1004 4261 1062 4316 182.
