2858 4824
173 345 319 410 LXXXII
635 341 855 396 Praefatio.

174 538 341 602 emendam
358 540 520 620 tamquam
541 557 575 601 ex
595 537 776 602 lautissima
795 538 990 620 supellectili
1010 539 1190 603 desumerat
1209 538 1319 604 ecdem

172 646 263 728 plane
286 645 380 710 modo
406 664 467 728 quo
493 665 561 709 eam
583 644 799 710 locutionibus
820 644 1011 731 Uergilianis
1031 645 1122 728 quasi
1142 646 1320 710 luminibus

173 754 251 817 satis
275 753 457 834 frequenter
480 752 632 816 distinxit.
657 751 738 816 tales
757 753 845 816 locos
866 753 893 817 si
909 769 1023 818 ¹omnes
1042 752 1180 817 indicare
1199 755 1320 818 uoluis-

173 880 251 937 sem,
276 879 313 923 ne
337 858 434 924 nimia
456 859 540 924 mole
565 859 726 924 adnotatio
751 860 936 924 obrueretur
959 860 1131 925 uerendum
1156 863 1232 925 erat.
1264 861 1320 925 sed

172 968 202 1030 in
229 968 397 1032 uerborum
420 967 524 1032 indice
548 967 632 1032 unde
656 967 805 1033 uocabuli
824 969 877 1032 uel
895 968 1066 1034 locutionis
1085 968 1221 1033 alicuius
1240 988 1319 1033 usus

174 1075 326 1158 originem
354 1075 484 1139 traxerit
510 1074 629 1139 talibus
660 1073 740 1139 locis
764 1074 895 1139 adiectis
919 1075 1140 1142 illustrabitur.
1179 1081 1319 1141 ceterum

171 1183 203 1246 in
234 1183 472 1266 euangeliorum
499 1183 578 1246 locis
608 1182 834 1265 significandis,
864 1183 891 1246 si
923 1183 1112 1266 scriptorum
1135 1184 1320 1250 testimonia

171 1288 252 1352 inter
285 1309 318 1353 se
351 1289 562 1367 consentiunt,
592 1290 670 1354 satis
705 1308 774 1354 esse
808 1289 881 1353 duxi
914 1289 1014 1355 solius
1043 1291 1197 1355 Matthaei
1229 1291 1318 1354 locos

171 1395 396 1474 adsenseum
426 1401 602 1461 ceterorum
631 1397 899 1480 euangelistarum
927 1397 990 1462 loci
1019 1397 1110 1462 facile
1139 1417 1175 1462 ex
1207 1397 1318 1462 editio·

171 1503 263 1567 nibus
291 1503 470 1585 permultis,
496 1503 525 1566 in
551 1504 666 1585 quibus
696 1503 777 1566 infra
800 1503 917 1567 adiecti
941 1507 1024 1581 sunt,
1048 1504 1151 1568 ueluti
1175 1522 1211 1567 ex
1236 1503 1317 1569 Geb-

171 1609 333 1673 bardtiana
357 1610 507 1693 cognosci
530 1597 664 1692 possint.

216 1716 367 1798 Superest
392 1720 428 1779 ut
462 1736 555 1798 quam
589 1717 741 1781 rationem
775 1717 805 1781 in
840 1719 885 1781 eis
920 1737 999 1799 quae
1033 1717 1072 1782 ad
1106 1719 1316 1802 orthogra-

72 1839 74 1844 ·
169 1823 301 1905 phiam
333 1823 491 1904 pertinent
523 1825 685 1906 amplexus
720 1824 780 1889 sim
812 1823 952 1889 breuiter·
984 1843 1146 1905 exponam.
1186 1845 1249 1907 qna
1282 1825 1315 1890 in

170 1951 201 1995 re
236 1931 262 1994 si
296 1931 440 1997 codicum
476 1932 591 2016 quibus
626 1932 742 2016 singuli
775 1932 847 1996 libri
875 1932 1077 1996 Ambrosiani
1105 1932 1213 1997 traditi
1241 1935 1317 1995 sunt

171 2039 327 2104 scribendi
361 2039 622 2103 consuetudinem
652 2040 682 2103 in
712 2040 902 2104 recensendo
932 2043 1062 2104 secutus
1091 2059 1204 2118 essem,
1233 2042 1316 2104 male

169 2145 236 2210 sine
273 2144 370 2209 dubio
408 2145 446 2208 de
478 2145 646 2210 Ambrosio
684 2146 926 2211 consuluissem.
965 2166 1036 2211 nam
1075 2165 1147 2211 crim
1179 2146 1210 2211 in
1243 2147 1315 2211 aliis

167 2251 257 2316 libris
291 2252 422 2334 antiqui,
455 2253 486 2315 in
521 2251 591 2316 aliis
624 2253 814 2317 recentiores
848 2256 973 2317 tantum
1002 2255 1127 2319 codices
1156 2254 1247 2319 nobis
1277 2255 1317 2319 ad

168 2379 279 2423 manus
309 2360 383 2437 sint,
414 2359 570 2441 quomodo
599 2360 716 2442 quaeso
746 2360 795 2425 bis
829 2359 958 2426 eandem
993 2381 1088 2444 quam
1121 2360 1187 2425 illis
1220 2360 1314 2426 fidem

166 2467 305 2531 tribuere
336 2466 505 2530 licuisset?
536 2466 634 2533 immo
668 2467 791 2533 codices
825 2468 1050 2551 antiquissimi,
1084 2468 1138 2550 qui
1174 2469 1314 2550 proxime

168 2573 208 2637 ad
239 2573 398 2639 Ambrosii
432 2577 567 2639 aetatem
605 2575 768 2654 accedunt,
807 2578 971 2658 tamquam
1008 2576 1178 2641 certissimi
1216 2577 1314 2640 duces

167 2680 306 2764 eligendi
334 2684 430 2745 erant.
464 2680 497 2745 hi
526 2685 632 2746 autem
656 2685 732 2747 sunt
753 2686 878 2764 praeter
899 2682 1135 2749 Aurelianensis
1158 2683 1308 2765 reliquias

168 2808 262 2871 supra
285 2791 546 2853 commemoratas
569 2789 778 2854 Bononiensis
803 2791 845 2853 32
859 2791 883 2876 ¹)
909 2795 940 2854 et
962 2790 1191 2873 Ambrosianus
1214 2792 1246 2854 H
1271 2791 1312 2853 78

168 2914 248 2978 sup,
287 2915 349 2977 quo
388 2895 539 2977 expositio
581 2897 613 2960 in
656 2897 858 2979 euangelium
896 2895 1000 2961 Lnoae
1042 2899 1231 2976 continetur,
1274 2897 1312 2960 ab

166 3001 314 3086 Angusto
351 3002 573 3066 lleiffersobeid
600 3003 684 3067 Bibl.
713 3007 792 3086 patr.
820 3004 889 3067 Lat.
917 3004 989 3068 Ital.
1017 3004 1050 3067 ΙΙ
1077 3006 1095 3066 5
1126 3003 1313 3086 descriptus,

166 3109 294 3192 septimi
318 3114 450 3190 uterque
475 3109 604 3187 saeculi,
629 3128 822 3193 quamquam
845 3129 883 3174 ne
906 3110 940 3174 bi
964 3109 1091 3192 quidem
1113 3111 1144 3174 in
1165 3111 1313 3176 omnibus

166 3217 260 3280 rebus
285 3216 422 3281 intense
448 3217 638 3299 conspirant,
666 3216 749 3281 unde
776 3217 922 3281 librarios
952 3236 1012 3281 non
1040 3236 1148 3282 ueram
1177 3217 1312 3300 exempli

164 3323 318 3406 propositi
345 3323 519 3407 imaginem
547 3323 748 3405 expressisse,
779 3325 834 3388 sed
863 3343 921 3388 suo
951 3342 1107 3406 quemquo
1135 3323 1167 3387 in
1197 3323 1312 3388 descri-

164 3431 265 3494 bendo
285 3449 370 3494 more
390 3449 484 3493 usum
504 3449 575 3494 esse
589 3433 687 3513 patet.
711 3429 742 3493 in
762 3430 872 3513 primis
888 3432 994 3494 autem
1009 3429 1242 3495 Bononiensem
1257 3429 1311 3512 qui

166 3537 333 3621 diligenter
355 3536 543 3620 respiciatur
567 3537 698 3620 dignum
722 3557 792 3602 esse
816 3537 931 3600 iudico.
955 3538 1040 3602 hunc
1062 3537 1163 3620 igitur
1181 3538 1311 3602 seontns

166 3664 288 3727 semper·
312 3643 424 3725 scripsi
446 3642 584 3708 Istrahel
606 3641 750 3707 Solonion
773 3644 962 3707 ibeasaaras
984 3663 1074 3707 amor
1091 3643 1220 3708 inuitans
1240 3643 1310 3708 alia.

165 3751 219 3815 sed
246 3770 481 3832 nonnumquam
509 3751 547 3814 ab
575 3750 727 3815 librorum
761 3749 1054 3833 antiquissimorum
1082 3749 1311 3815 consuetudine

164 3878 214 3922 me
237 3857 407 3921 recessisse
430 3859 544 3922 fateare
565 3857 610 3921 sic
634 3858 666 3922 in
689 3858 806 3936 uerbis,
836 3858 951 3940 quibus
974 3856 1161 3937 flitteram,
1185 3876 1245 3921 non
1263 3856 1324 3938 pb'

164 3964 314 4047 scriptam
339 3964 531 4042 innenimus,
555 3964 657 4028 ueluti
670 3964 808 4047 profeta,
827 3964 997 4046 farisaeae,
1023 3983 1222 4029 communem
1246 3965 1310 4047 ple·

208 4189 229 4257 1)
254 4189 316 4242 uide
346 4207 414 4259 qnae
443 4189 476 4243 de
505 4190 596 4243 codiee
624 4191 672 4244 illo
701 4191 728 4244 in
756 4191 926 4261 praelatione
950 4191 1035 4260 partis
1060 4191 1172 4244 alterius
1196 4208 1222 4260 p.
1246 4190 1308 4244 XXI

164 4297 280 4349 exposnr.
