2858 4824
557 341 776 394 Praefatio.
1088 344 1236 408 xxxxv

90 542 179 603 turae
205 537 442 602 constituendae
467 537 707 601 fundamentum
733 538 895 602 sublatum
915 541 973 603 est.
998 558 1093 620 qnam
1113 539 1237 603 obrem

89 647 151 710 iam
180 645 212 708 id
242 646 405 726 quaeritur
427 665 502 709 num
527 645 707 728 apographo
734 644 869 725 quodam
894 645 988 709 huius
1012 645 1085 710 libri
1108 645 1236 711 inuento

91 752 175 839 quod
199 753 379 836 accepimus
405 752 554 815 damnum
580 751 688 815 sarciri
711 752 824 832 possit.
864 752 919 815 sed
942 752 1022 815 mibi
1047 771 1237 833 quamquam

90 862 213 941 praeter
240 859 298 923 hos
328 877 406 940 quos
435 859 529 923 modo
558 858 740 921 enumeraui
771 857 896 922 codices
921 859 999 922 alios
1023 878 1083 922 non
1108 877 1236 940 paucos,

91 966 128 1030 de
158 966 274 1047 quibus
303 983 454 1046 exponere
482 964 612 1048 longum
642 967 699 1042 ast,
725 964 842 1040 euolui‚
867 968 904 1029 ut
933 966 1110 1048 exemplum
1141 985 1176 1029 ex
1201 985 1236 1029 eo

90 1074 236 1137 accurate
256 1071 451 1152 descriptum
469 1070 652 1154 indagarem
670 1091 731 1134 non
752 1071 894 1154 contigit.
920 1091 1027 1138 omnes
1047 1076 1155 1136 antem
1171 1073 1238 1154 qui-

89 1180 149 1243 bus
168 1179 342 1241 Exameron
368 1176 546 1240 continetur
567 1177 665 1242 libros
686 1179 714 1241 si
733 1178 928 1261 inuestigare
948 1187 1043 1261 atque
1063 1179 1238 1243 examinare

90 1286 277 1359 noluissem,
302 1284 392 1348 labor
415 1283 469 1364 qui
492 1283 546 1347 uel
568 1284 717 1348 Herculis
741 1284 826 1348 uires
850 1285 995 1349 uinceret
1018 1286 1238 1369 suscipiendus

90 1393 170 1478 mihi
193 1392 318 1456 fnisset.
349 1393 457 1454 tantus
484 1391 567 1454 enim
592 1410 699 1455 eorum
725 1394 773 1456 est
797 1411 945 1456 numerus
970 1394 1079 1475 totque
1105 1394 1240 1474 dispersi

92 1500 220 1564 suntin
245 1498 469 1582 bybliothecis,
494 1501 530 1561 ut
553 1499 607 1561 uix
631 1498 718 1562 annis
744 1498 866 1581 aliquot
889 1500 1086 1582 consumptis
1115 1500 1239 1563 multis-

92 1628 151 1690 que
175 1607 267 1670 terris
291 1606 467 1688 peragratis
491 1605 551 1669 hoc
575 1625 655 1687 opus
681 1605 718 1668 ad
743 1605 838 1669 finem
855 1606 1025 1688 perducere
1049 1607 1164 1688 possis
1190 1626 1238 1670 ac-

92 1714 175 1778 eedit
199 1713 283 1795 quod
307 1712 432 1777 omnino
458 1712 595 1776 dubitari
617 1715 733 1793 potest,
754 1732 829 1776 num
854 1732 1005 1794 umquam
1028 1713 1101 1777 libri
1125 1714 1238 1796 pretio-

93 1820 213 1887 sissimi
237 1819 415 1901 exemplum
440 1818 644 1883 describendo
670 1819 850 1882 confectum
875 1820 926 1885 sit.
952 1840 1047 1901 quam
1070 1819 1165 1883 multi
1190 1840 1239 1884 eo·

94 1927 177 1991 dices
208 1926 345 1991 saeculis
373 1925 439 1988 illis
469 1925 627 1989 doctrinae
655 1925 794 1990 inimicis
819 1927 891 1989 ante
916 1924 1133 1990 Carolinorum
1158 1930 1239 1990 aeta·

93 2037 155 2097 tem
178 2033 367 2096 interierunt
389 2032 444 2108 ita,
464 2033 502 2095 ut
524 2051 562 2095 ne
586 2051 685 2095 unum
710 2032 837 2113 quidem
862 2033 1037 2114 exemplum
1063 2052 1099 2096 ex
1122 2033 1167 2097 eis
1188 2034 1238 2096 de·

91 2143 272 2221 promptum
297 2139 336 2202 ad
359 2138 578 2220 posteritatem
601 2140 795 2219 peruenerit!
1114 2196 1118 2202 .

136 2245 200 2310 Sed
218 2246 282 2309 iam
299 2245 333 2308 id
352 2246 443 2308 nobis
462 2245 662 2327 propositum
683 2248 794 2322 estut
813 2266 949 2328 quonam
968 2246 1061 2310 modo
1081 2246 1238 2310 classibus

94 2351 167 2417 liet
180 2353 211 2416 N
225 2353 256 2415 in
269 2352 419 2416 lixanrero
439 2352 630 2416 recensendo
650 2352 803 2416 utendum
823 2354 866 2417 sit
886 2353 1071 2435 inquiratur,
1095 2356 1188 2434 atque
1204 2372 1238 2415 ex

95 2458 137 2521 eis
154 2476 234 2539 quae
251 2457 344 2521 modo
361 2456 398 2520 de
413 2457 440 2520 A
456 2456 692 2538 disputabimus
712 2460 801 2538 patet
818 2458 850 2520 in
866 2458 1013 2523 omnibns
1028 2457 1108 2521 locis
1124 2458 1240 2521 consti-

94 2564 217 2628 tuendis
233 2564 460 2645 scriptnrarnm
475 2562 642 2644 utriusque
663 2563 773 2626 classis
792 2564 945 2627 rationem
965 2562 1138 2626 habendam
1159 2581 1239 2626 esse.

96 2671 149 2735 sed
168 2670 270 2734 maior
288 2669 355 2733 sine
376 2669 471 2732 dubio
492 2668 637 2733 codicum
654 2665 683 2729 Π
699 2671 748 2732 est
766 2668 843 2732 fides
864 2677 896 2732 et
915 2669 1099 2733 auctoritas.
1123 2669 1238 2732 etenim

95 2797 284 2859 quamquam
299 2777 409 2839 multis
426 2775 514 2839 uitiis
530 2775 697 2839 deformati
712 2779 797 2852 sunt,
809 2779 912 2839 tamen
929 2777 1052 2839 nullum
1069 2777 1133 2840 fere
1148 2776 1241 2839 inter-

95 2885 263 2966 polationis
287 2884 318 2947 in
345 2883 390 2947 eis
415 2883 590 2966 uestigium
615 2882 740 2964 extat‚¹)
765 2883 937 2947 codicesN
962 2886 1068 2947 autem
1093 2887 1124 2946 et
1146 2882 1240 2946 inter-

94 2993 216 3074 polatos
252 2994 283 3055 at
315 2993 432 3054 temere
466 2994 622 3055 correctos
657 3010 726 3055 assa
759 2991 845 3054 facili
878 2991 1004 3074 negotio
1044 2989 1240 3071 comprobari

139 3181 157 3247 ¹)
177 3198 278 3251 paucos
297 3183 404 3234 tantum
424 3181 521 3249 quibus
540 3181 714 3251 interpolatio
734 3182 818 3234 statui
838 3181 925 3250 possit
937 3181 964 3233 in
979 3181 1018 3234 eis
1033 3182 1105 3234 locos
1120 3180 1240 3234 inueniri

93 3288 171 3341 posse
191 3273 266 3341 puto.
286 3271 373 3323 ueluti
392 3269 452 3334 230,
473 3273 489 3324 5
507 3270 605 3324 saltent
623 3271 650 3323 in
675 3270 792 3323 salutem
811 3274 936 3339 corrupto
957 3269 1091 3338 adquiras
1108 3270 1239 3322 insertum

94 3379 150 3415 esse
171 3360 291 3430 adparet.
306 3376 432 3428 magnam
447 3376 552 3429 quoque
568 3361 747 3429 suspicionem
761 3362 873 3412 mouent
887 3359 969 3412 uerba
983 3373 1109 3412 essenon
1122 3363 1241 3426 possurrt

94 3452 152 3513 144,
173 3454 189 3504 5
208 3450 236 3501 in
256 3448 304 3502 ΠΒ
328 3453 391 3518 post
413 3465 518 3501 ueneno
543 3447 645 3510 addita,
664 3449 692 3500 in
717 3448 813 3500 ceteris
837 3447 943 3500 omissa.
964 3463 1032 3515 quae
1052 3448 1075 3499 si
1094 3446 1239 3500 defendere

92 3539 169 3602 uelis,
193 3537 262 3591 nihil
286 3536 361 3589 aliud
383 3541 484 3590 restare
509 3537 616 3590 uidetur
639 3537 692 3590 nisi
711 3540 742 3589 nt
765 3537 862 3589 lacuna
881 3539 985 3589 statuta
1005 3536 1163 3589 scribamus:
1178 3537 1241 3602 <qui

92 3630 122 3680 in
145 3628 226 3681 terris
247 3626 307 3680 siue
330 3637 450 3687 ueneno>
467 3642 522 3679 esse
543 3643 601 3680 non
619 3632 745 3694 possunt.
766 3625 813 3678 sed
837 3642 897 3678 cum
920 3643 954 3677 ne
979 3624 1111 3678 eiusmodi
1132 3624 1239 3692 quidem

92 3718 281 3787 supplemento
301 3720 409 3786 recepto
430 3716 519 3769 omnia
538 3716 606 3769 bene
626 3733 653 3768 se
673 3715 800 3775 habeant,
820 3715 903 3767 uerba
922 3731 978 3767 esec
995 3730 1052 3767 uon
1071 3719 1190 3782 poscunt
1210 3731 1240 3766 en

92 3807 270 3861 adnotatione
294 3806 320 3858 in
345 3806 467 3874 margine
492 3805 628 3875 adscripta
652 3822 736 3874 eaque
759 3806 886 3858 mutilata
906 3804 1037 3873 originem
1058 3804 1164 3856 duxisse
1185 3804 1238 3856 eni-

93 3899 184 3950 stimo.
204 3912 273 3964 quae
292 3899 433 3964 praeterea
450 3895 676 3963 interpolationes
698 3894 979 3963 deprehenduntur'ex
994 3893 1096 3962 duplici
1109 3894 1241 3962 scriptura

91 3985 231 4055 profectae
255 3986 326 4045 sunt,
346 3983 433 4036 ueluti
457 3984 519 4047 250,
539 3985 573 4036 24
592 4000 680 4051 supro
699 3984 808 4037 modum
828 3999 858 4035 ex
876 3983 1026 4050 supercilia
1046 3984 1141 4043 ortum,
1162 3981 1203 4042 83,
1224 3981 1240 4032 8

93 4090 132 4126 on
152 4072 281 4140 anapla'ua,
303 4073 361 4134 177,
382 4073 416 4125 22
436 4073 593 4140 prospicere
617 4073 700 4125 aliae.
727 4076 807 4140 atque
828 4072 914 4125 eidem
935 4073 1017 4124 errori
1037 4071 1079 4131 80,
1100 4072 1116 4123 9
1135 4069 1240 4122 serotina

92 4161 165 4233 quod
190 4164 254 4213 ante
279 4161 414 4214 sentinare
436 4161 538 4230 legitur
560 4162 735 4214 tribuendum
760 4179 818 4214 esse
842 4161 956 4222 uidetur,
977 4162 1049 4213 recte
1073 4161 1098 4211 in
1119 4158 1195 4210 libris
1214 4157 1239 4208 N

92 4251 236 4312 ornissum3
256 4247 285 4301 id
304 4249 375 4318 qnod
394 4250 453 4303 loco
474 4250 507 4302 de
526 4250 651 4320 paradiso
673 4251 714 4312 17,
735 4252 769 4304 55
789 4250 862 4314 (335,
882 4250 926 4316 ab)
948 4248 1158 4302 commendatur.
