2858 4824
593 323 809 377 Praefatio.
1204 328 1280 391 XXI

174 523 303 586 Librum
339 521 376 585 de
408 518 599 602 paradiso
633 517 671 582 ab
695 517 873 595 Ambrosio,
899 523 935 582 ut
967 519 1036 602 ipse
1061 520 1115 598 ait,
1139 521 1278 584 nondum

129 632 278 695 ueterano
313 626 475 692 sacerdote
509 624 723 706 conscriptum
756 643 825 688 esse
858 625 921 688 iarn
960 645 1055 707 supra
1067 624 1091 710 ¹)
1130 626 1275 692 diximus.

129 736 245 819 quibus
278 731 384 797 uerbis
417 732 471 796 ille
505 731 736 815 significauisse
769 731 896 795 uidetur
928 751 988 796 non
1021 734 1125 797 solum
1158 733 1277 797 multos

128 861 223 907 annos
247 840 321 905 inde
345 841 382 904 ab
403 839 463 903 hoc
481 838 562 903 libro
583 838 666 902 edito
687 857 788 919 usque
809 838 847 902 ad
866 842 1003 921 ternpus,
1024 859 1085 921 quo
1106 840 1276 921 epistulam

128 950 166 1013 ad
196 948 347 1013 Sabinum
380 945 479 1022 misit,
512 945 723 1026 praeteriisse,
749 946 805 1009 sed
837 945 933 1009 etiam
967 966 1000 1010 se
1032 949 1101 1010 tum
1136 947 1274 1010 nondum

127 1055 205 1119 satis
239 1058 400 1117 maturum
431 1056 463 1115 et
496 1052 700 1116 exercitatum
734 1052 773 1116 ad
797 1072 865 1115 earn
889 1072 955 1116 rem
985 1053 1170 1138 adgressum
1194 1073 1274 1117 esse.

126 1182 220 1244 quarn
245 1161 284 1225 cb
304 1179 370 1224 rem
395 1178 474 1240 quae
498 1158 530 1222 in
555 1159 694 1241 epistula
716 1159 773 1222 illa
795 1163 870 1242 post
894 1160 1001 1224 decern
1027 1161 1151 1224 circiter
1175 1180 1271 1225 annos

126 1269 244 1351 scripta
276 1266 314 1330 de
347 1265 456 1330 eadem
489 1265 622 1329 materia
655 1265 857 1346 disputantur
889 1271 1035 1331 accurate
1073 1268 1275 1331 examinanda

127 1378 203 1440 sunt
227 1374 272 1439 eis
297 1373 351 1455 qui
374 1371 534 1436 Ambrosii
559 1371 597 1436 de
620 1372 680 1435 hoo
706 1371 839 1437 Genesis
869 1373 971 1456 capite
996 1374 1169 1438 sententias
1193 1375 1272 1437 bene

126 1500 316 1565 cognoscere
353 1480 464 1544 uelint.
502 1499 610 1543 ansam
647 1483 752 1543 autem
792 1481 886 1544 huius
919 1480 992 1544 libri
1025 1479 1210 1545 conficiendi
1243 1480 1272 1545 ei

125 1589 279 1653 dederunt
302 1590 459 1652 sectarum
484 1586 600 1669 quibus
628 1589 704 1650 tunc
733 1587 868 1651 ecclesia
892 1587 1073 1670 agitabatur
1096 1588 1269 1668 opiniones,

122 1695 362 1759 Manicheorum
401 1694 433 1756 et
471 1692 748 1757 Marcionistarum
786 1697 880 1774 atque
921 1694 952 1757 in
989 1694 1099 1777 primis
1136 1694 1270 1776 Apellis,

123 1801 292 1865 Marcionis
326 1800 485 1880 discipuli,
510 1799 548 1863 dc
581 1819 642 1880 quo
674 1800 749 1863 uide
782 1820 861 1882 quae
895 1801 1040 1882 exposuit
1063 1801 1100 1865 A.
1124 1801 1271 1864 Harnaclr

121 1908 153 1971 in
176 1908 259 1972 libro
284 1907 410 1990 egregio
435 1905 473 1970 de
496 1906 617 1988 Apellis
642 1906 733 1990 gnosi
757 1907 957 1971 monarchica
980 1907 1105 1990 Lipsiae
1130 1927 1157 1971 a.
1184 1908 1269 1971 1874

122 2015 255 2080 emisso.
277 2015 305 2077 is
330 2014 509 2077 enimcum
534 2031 626 2096 opere
652 2013 859 2094 amplissimo,
885 2014 968 2096 quod
991 2015 1180 2096 inscriptum
1204 2017 1270 2077 erat

120 2117 331 2204 Συλλογισμοί,
357 2120 533 2202 composito
566 2120 600 2182 id
632 2123 749 2203 ageret,
773 2130 810 2184 ut
842 2121 936 2185 fidem
964 2121 1117 2185 librorum
1146 2121 1200 2203 qui
1230 2121 1269 2182 ad

120 2226 252 2308 Moysen
280 2227 495 2290 referebantur
523 2227 671 2290 acerrime
698 2227 911 2310 impugnaret,
936 2232 1022 2292 torno
1050 2227 1211 2292 tricesimo
1237 2231 1269 2291 et

122 2334 236 2396 octauo
261 2330 315 2417 (cf.
341 2333 417 2409 284,
443 2330 498 2418 lo)
524 2331 657 2397 Genesis
682 2336 776 2414 caput
800 2334 933 2397 alterum
962 2334 1071 2399 eodeni
1096 2333 1189 2397 modo
1214 2333 1266 2396 ad-

119 2456 249 2521 gressus
274 2440 332 2503 est.
371 2439 403 2502 in
425 2437 522 2503 huius
546 2439 645 2523 igitur
669 2440 854 2504 criminibus
878 2441 1103 2525 redarguendis
1127 2440 1202 2504 libri
1226 2440 1264 2504 de

118 2543 265 2626 paradiso
290 2545 395 2626 capIta
417 2545 462 2609 VI
485 2545 546 2609 VII
569 2545 646 2609 VIII
669 2550 846 2610 uersentur.
872 2567 934 2628 qua
956 2567 988 2610 re
1012 2548 1134 2611 factum
1158 2549 1266 2609 estut

118 2655 241 2732 septem
274 2651 377 2733 operis
409 2651 533 2733 Apellei
565 2651 776 2739 fragmenta²)
812 2674 846 2717 en·
880 2653 1039 2718 Ambrosii
1075 2653 1264 2716 refutatione

118 2775 225 2820 eruere
250 2760 346 2839 atque
370 2756 597 2838 disputationis
621 2764 761 2823 tenorem
786 2779 974 2844 cognoscere
994 2759 1097 2823 liceat.
1123 2759 1264 2823 conferas

118 2881 235 2944 quaeso
269 2882 349 2944 quae
383 2864 420 2927 de
453 2864 512 2927 hac
544 2883 577 2927 re
611 2866 757 2946 exposuit
783 2867 928 2930 Harnack
955 2867 986 2930 in
1016 2867 1154 2947 corporis
1179 2865 1263 2946 quod

117 2969 302 3034 inscribitur
315 2970 421 3034 ‘Teuta
437 2971 502 3035 und
516 2971 812 3055 Untersucbungen'
822 2975 886 3037 uol.
896 2975 943 3037 III
958 2975 1034 3038 fasc.
1047 2976 1066 3037 3
1078 2993 1107 3054 p.
1121 2973 1182 3036 116
1194 2990 1262 3053 sqq.

117 3095 196 3157 quae
221 3078 329 3139 autern
350 3075 468 3139 fuerint
488 3082 682 3159 argumenta,
704 3078 820 3159 quibus
839 3078 870 3141 in
891 3079 1061 3143 refellendo
1081 3098 1117 3143 ac
1138 3078 1262 3141 demon-

117 3181 242 3246 strando
267 3182 456 3246 Ambrosius
485 3202 563 3247 usus
594 3188 652 3261 est,
678 3185 831 3266 explicare
859 3206 919 3250 non
948 3207 1053 3250 meum
1079 3205 1148 3249 esse
1172 3188 1260 3265 puto.

117 3289 221 3366 adeas,
242 3290 269 3353 si
288 3290 381 3368 uelis,
401 3290 439 3355 de
458 3291 516 3355 hac
536 3312 568 3355 re
587 3293 773 3358 Kellnerum
792 3315 822 3376 p.
840 3295 880 3357 89
902 3313 970 3375 sqq.
991 3296 1022 3356 et
1035 3291 1260 3355 Harnaclium.

115 3396 148 3459 id
179 3417 278 3460 unum
310 3397 370 3460 hoc
402 3398 472 3462 loco
506 3398 618 3462 addam
653 3400 690 3464 de
720 3400 901 3483 Symmachi
934 3404 966 3464 et
992 3380 1109 3482 Acylae
1143 3397 1260 3460 ueteris

114 3503 297 3566 testamenti
332 3503 590 3586 interpretatione
629 3507 832 3572 Ambrosium
870 3507 1010 3572 sectione
1045 3507 1084 3568 27
1119 3505 1259 3586 disputa-

114 3608 210 3671 uisse.
235 3611 395 3689 praeterea
419 3610 569 3673 obseruas
594 3631 710 3694 quaeso
736 3633 807 3676 eum
827 3614 889 3677 iam
908 3617 977 3678 turn
996 3613 1138 3677 Philonis
1161 3611 1259 3675 libros

114 3716 191 3777 bene
223 3714 367 3797 cognitos
400 3715 561 3780 babuisse.
603 3721 697 3800 atque
729 3720 760 3783 in
794 3720 853 3785 hoc
881 3721 989 3785 libello
1019 3722 1086 3784 solo
1115 3718 1257 3782 Philonis

113 3839 226 3884 nornen
251 3820 369 3884 adtulit
391 3842 453 3886 uno
478 3823 547 3888 loco
573 3826 662 3904 (281,
684 3825 751 3911 21),
772 3829 870 3891 altero
890 3827 979 3912 (271,
1000 3825 1034 3913 8)
1054 3847 1127 3891 eum
1151 3828 1257 3908 aperte

114 3926 315 4012 significauit.
353 3927 499 3993 adbibuIt
527 3935 633 3995 autern
661 3933 701 3996 ad
728 3933 788 3999 hoc
812 3936 1003 4017 opusculum
1028 3932 1255 3998 conficiendum

158 4134 166 4168 ¹
217 4177 221 4189 .
240 4135 317 4191 VIII.

157 4146 177 4290 11
196 4151 229 4274 if.
248 4223 309 4286 286,
329 4224 376 4287 23;
397 4225 457 4289 287,
478 4228 524 4290 23;
545 4228 605 4291 289,
625 4229 641 4282 8
649 4252 655 4294 ;
676 4231 736 4294 292,
757 4233 772 4285 5
780 4253 786 4297 ;
807 4233 866 4296 294,
887 4234 915 4298 9;
936 4234 997 4298 296,
1019 4235 1064 4299 19;
1085 4231 1146 4295 298,
1168 4231 1191 4283 1.
