2858 4824
165 986 411 1223 'epse
457 1052 870 1164 relarlrro.

653 1405 677 1470 I.

135 1685 297 1772 Ambrosii
328 1701 401 1765 libri
435 1702 489 1783 qui
521 1702 581 1766 hoc
614 1703 776 1768 uolumine
810 1704 1010 1770 continentur
1041 1706 1108 1771 sine
1142 1707 1237 1773 dubio

89 1808 260 1872 maximam
293 1813 376 1872 ceree
409 1812 532 1891 partem
557 1829 572 1873 e
597 1811 807 1888 sermonibus,
833 1830 910 1893 quos
939 1811 993 1876 ille
1024 1813 1062 1877 ad
1085 1815 1237 1897 populum

89 1916 213 1991 habuit,
234 1915 412 1980 concinnati
431 1919 515 1983 suni.
537 1919 631 1999 atque
650 1916 681 1980 in
703 1935 795 1998 opere
816 1917 900 1999 quod
918 1923 1052 1984 uocatur
1066 1921 1238 1985 llxameron

89 2044 141 2088 res
157 2026 265 2106 aperie
284 2027 316 2087 et
333 2022 500 2088 manifesta
519 2027 578 2101 esi,
594 2043 668 2088 cum
686 2043 800 2088 nouem
821 2027 1049 2112 se1·1nonum‚¹)
1069 2047 1105 2091 en
1124 2028 1239 2110 quibus

90 2133 228 2209 constat,
253 2131 416 2194 clausulae
436 2130 539 2194 adhuc
558 2131 699 2214 inlegrae
719 2134 863 2196 seruatae
884 2132 957 2197 sint.
978 2151 1059 2215 quos
1079 2153 1239 2198 sermones

91 2257 144 2302 sex
164 2237 312 2319 deinceps
329 2236 440 2301 diebus
455 2237 604 2301 recitatos
621 2257 690 2301 esse
710 2237 839 2320 adparet
858 2257 893 2302 ex
913 2240 958 2303 eis
980 2259 1059 2321 quae
1077 2260 1107 2322 p.
1127 2241 1202 2319 294,
1219 2242 1238 2303 3

88 2346 254 2429 leguntur:
278 2344 341 2428 ‘qui
366 2342 498 2431 (sermo)
522 2344 584 2408 elsi
606 2364 662 2425 per
681 2344 820 2427 quinque
839 2344 903 2408 iam
922 2345 989 2409 dies
1008 2365 1069 2410 non
1089 2346 1240 2412 mediocri

89 2452 196 2516 labore
225 2451 316 2516 nobis
346 2450 544 2533 processerit,
569 2453 675 2514 lamen
703 2450 852 2515 hodierno
878 2451 927 2514 die
950 2452 1069 2516 maiore
1093 2472 1239 2517 curarum

90 2558 246 2623 adcrescit
268 2558 414 2622 faenore‘.
440 2557 555 2621 etenim
581 2557 631 2621 die
654 2557 755 2640 primo
784 2557 878 2622 tertio
909 2559 1018 2640 quinto
1048 2559 1115 2622 bini
1138 2560 1239 2624 habiti

92 2673 176 2746 sunt,
202 2685 284 2730 unus
319 2668 391 2729 ante
424 2665 504 2728 alter
535 2666 610 2747 post
641 2663 854 2749 me1·idiem‚²)
888 2664 959 2729 dIco
985 2684 1146 2731 sermones
1169 2667 1240 2731 III

89 2774 155 2838 llll
173 2773 202 2837 V
221 2773 282 2863 llll
301 2773 388 2850 VIII,
413 2771 462 2836 die
486 2773 584 2836 altero
608 2774 720 2854 quarto
746 2774 832 2836 sexto
857 2771 987 2856 singuli,
1012 2791 1172 2837 sermones
1192 2773 1240 2836 lll

91 2883 123 2945 et
145 2881 200 2957 Vl,
224 2880 259 2943 hi
286 2882 428 2962 tempore
456 2875 752 2964 postmeridiano‚³)
781 2883 813 2942 et
838 2897 941 2942 sermo
965 2879 1069 2957 VIIII,
1093 2878 1126 2942 id
1151 2879 1236 2961 quod

92 2987 263 3070 suspiceris
291 3006 327 3051 ex
357 2986 463 3050 uerbis
486 3006 518 3068 p.
543 2987 619 3064 203,
644 2987 686 3048 24
710 2986 753 3049 ‘et
784 2984 840 3048 fiat
872 3004 982 3050 mane
1013 2985 1080 3049 dies
1106 2989 1235 3064 sexius‘,

91 3094 177 3159 horis
202 3094 469 3158 antemeridianis.
481 3093 508 3176 4)
537 3112 698 3158 sermones
723 3095 830 3156 autem
854 3092 914 3156 Vll
940 3095 972 3156 et
994 3093 1072 3156 VlII
1093 3093 1139 3157 ita
1161 3092 1239 3157 reci·

91 3205 175 3265 talos
204 3220 285 3278 esse,
313 3205 351 3265 ul
377 3219 474 3283 parua
502 3203 627 3264 lanium
652 3198 763 3266 ¹orandi
791 3198 1025 3281 intercapedine
1053 3199 1138 3263 facta
1160 3200 1240 3263 alter

92 3309 225 3372 alterum
250 3308 398 3372 continuo
423 3306 589 3389 exciperet,
614 3305 782 3371 edocemur
801 3305 846 3369 eis
867 3325 946 3388 quae
966 3308 1037 3369 anie
1062 3324 1239 3370 sermonem

92 3419 243 3480 octauum
266 3411 356 3500 (169,
384 3413 438 3502 12)
461 3416 612 3498 leguntur
636 3412 704 3478 sine
720 3404 824 3476 ¹dubio
850 3432 868 3476 a
891 3412 1011 3477 notario
1036 3411 1173 3477 adiecta:
1197 3415 1239 3476 ‘et

155 3623 174 3688 ¹)
194 3623 271 3676 uides
285 3622 456 3676 Ambrosium
475 3623 503 3675 in
521 3623 573 3676 hac
592 3638 698 3691 quoque
717 3638 745 3675 re
760 3621 901 3689 Basiliam,
922 3621 968 3690 qui
987 3637 1084 3676 nouem
1104 3638 1239 3675 sermones

94 3710 128 3775 εἰς
146 3712 194 3783 τὴν
214 3711 358 3783 ἓξαήμερον
379 3712 547 3781 conscripsit,
567 3715 687 3765 secutum
708 3727 775 3765 esse.

136 3799 156 3869 ²)
177 3801 210 3855 cf.
230 3819 256 3870 p.
278 3802 337 3864 169,
359 3801 391 3854 12
411 3803 439 3854 et
459 3802 518 3864 199,
538 3802 563 3855 7.

136 3889 157 3958 ³)
177 3889 210 3943 cl.
230 3891 274 3953 59,
295 3891 307 3942 l
329 3892 358 3943 et
379 3890 437 3954 140,
457 3891 481 3943 6.

136 3980 157 4051 ⁴)
175 3979 272 4033 Basilii
292 3995 429 4032 sermones
447 3979 514 4032 item
533 3995 579 4031 sex
598 3977 723 4046 deinceps
739 3977 834 4032 diebus
847 3977 935 4032 habiti
949 3980 1013 4031 sunt
1027 3981 1056 4031 ei
1070 3976 1177 4046 quidem
1194 3975 1237 4028 die

94 4069 176 4137 primo
201 4069 294 4138 quinto
319 4072 394 4122 sexto
417 4068 484 4132 bini,
507 4067 567 4121 111
586 4066 625 4120 VI
643 4067 695 4120 VII
714 4067 781 4121 VIII
798 4066 889 4132 VIIII,
912 4084 982 4120 unus
1001 4069 1064 4120 ante
1083 4066 1153 4119 alter
1176 4068 1239 4133 post

94 4158 239 4223 meridiem,
264 4157 307 4211 die
330 4156 448 4211 secundo
471 4157 553 4211 tertio
578 4159 674 4225 quarto
698 4156 807 4226 singuli,
831 4161 862 4209 ut
885 4155 993 4209 uidetur
1016 4159 1137 4224 tempore
1162 4155 1237 4205 ante·

94 4247 248 4301 meridiano.

144 4372 235 4414 xxxin
252 4371 330 4411 Ambr.
345 4382 398 4422 pars
414 4372 433 4423 l,
448 4368 504 4412 fase.
521 4372 541 4412 2.
1170 4345 1185 4382 a
