2858 4824
161 335 226 398 624
631 332 830 387 Ambrosii
899 363 902 369 ·

161 526 262 610 signis
285 529 407 590 terrena
435 524 647 607 spoponderit.
679 524 786 606 itaque
816 523 1051 588 consideremus
1075 543 1113 588 ne
1137 525 1217 589 forte
1240 545 1308 608 per·

160 634 276 698 fectam
303 632 532 698 beatitudinem
562 635 593 694 et
617 631 922 696 consummationem
945 631 1099 695 bonorum
1122 633 1308 697 meritorum

159 740 349 822 promiserit.
387 739 527 822 perfecta
564 738 646 801 enim
683 736 847 801 beatitudo
882 757 917 800 ex
949 737 1052 800 tribus
1080 738 1153 802 istis
1181 739 1310 803 uidetur

161 847 345 921 subsistere,
375 845 514 927 corporis
539 848 633 926 atque
659 843 780 908 animae
805 846 837 908 et
861 844 1078 909 accidentibus
1101 845 1203 922 bonis,
1229 866 1308 927 quae
1370 855 1390 907 Ε

162 953 274 1018 Graeci
308 952 392 1024 ἐκτός
426 952 578 1031 dixerunt,
612 955 649 1015 nt
682 951 725 1014 sit
756 951 895 1033 corporis
931 952 1119 1017 castimonia
1155 953 1309 1034 patientia
1339 979 1352 1018 ⁵

162 1060 214 1124 uel
236 1060 454 1140 temperantia,
480 1058 523 1122 sit
546 1058 668 1122 animae
687 1056 855 1139 prudentia
874 1061 968 1139 atque
986 1059 1121 1124 iustitia.
1143 1060 1309 1144 Aegyptus

160 1167 260 1250 igitur
291 1166 407 1230 flumen
440 1165 613 1248 corporalia
649 1164 777 1228 uidetur
813 1163 998 1249 significare,
1035 1165 1118 1229 unde
1155 1169 1187 1230 et
1221 1165 1309 1232 Goon

162 1272 267 1337 dictus
299 1275 348 1337 est
379 1273 447 1355 ipse
480 1273 608 1349 fluuius,
643 1272 716 1353 quia
749 1271 787 1335 de
819 1272 901 1334 terra
932 1270 1088 1356 figuratus
1122 1277 1171 1337 est
1202 1273 1310 1351 homo,

161 1380 338 1462 Euphrates
363 1382 470 1444 autem
495 1398 575 1461 quae
599 1381 674 1442 sunt
698 1378 830 1456 animae,
855 1397 891 1442 eo
918 1379 1001 1460 quod
1025 1379 1095 1444 fons
1121 1379 1164 1444 sit
1186 1380 1311 1444 iustitia

162 1488 337 1550 ceterarum
361 1486 529 1562 uirtutum,
554 1504 634 1567 quae
662 1485 798 1549 uirtutes
826 1485 905 1549 alias
932 1485 1110 1553 inluminet.
1143 1485 1355 1568 prudentiam

162 1593 246 1656 enim
276 1593 343 1658 sine
370 1591 495 1657 iustitia
522 1596 625 1670 nocet,
658 1591 812 1656 fortitudo
843 1611 979 1675 quoque,
1008 1593 1070 1657 nisi
1094 1612 1163 1658 eam
1187 1593 1313 1656 inst'tia

162 1704 327 1782 temperet,
342 1700 552 1764 intolerabilis
567 1700 738 1764 insolentia
754 1703 804 1764 est
817 1699 916 1765 furori
932 1720 1026 1782 quam
1040 1700 1155 1765 rationi
1173 1700 1311 1781 propior,
1374 1709 1395 1762 F

162 1808 368 1872 dominationi
402 1828 496 1890 quam
528 1807 679 1880 libertati,
714 1807 869 1871 sobrietas
899 1810 931 1871 et
957 1807 1165 1890 temperantia
1187 1807 1313 1890 priuata

162 1915 245 1979 bona
272 1917 348 1979 sunt
377 1933 434 1979 nec
463 1915 521 1979 ulli
550 1915 634 1990 usui,
663 1914 725 1977 nisi
752 1914 838 1978 insta
867 1933 941 1997 erga
964 1914 1059 1978 deum
1081 1914 1257 1978 reuerentia
1281 1917 1314 1977 et

162 2020 248 2085 fideli
280 2023 385 2085 mente
417 2021 569 2102 pietatem
600 2023 701 2087 colas:
730 2021 856 2085 iustitia
884 2021 952 2085 sola
980 2023 1038 2098 est,
1069 2041 1148 2102 quae
1174 2021 1312 2085 uirtutes
1332 2049 1358 2089 15

164 2147 271 2192 omnes
301 2127 512 2210 conplectitur
540 2131 572 2192 et
607 2127 795 2193 conmendat
827 2147 946 2193 omnes.
980 2128 1155 2192 accidentia
1187 2146 1313 2211 quoque

163 2237 238 2297 sunt
261 2234 492 2317 negotiationes
517 2239 549 2299 et
571 2238 767 2299 mercaturae
789 2236 843 2299 uel
867 2235 1088 2318 agriculturae,
1114 2233 1313 2316 conpetentia

163 2345 315 2423 quaestus
343 2342 487 2407 laborum
516 2361 708 2425 operumque
740 2342 903 2409 mralium.
937 2345 1012 2406 sunt
1043 2341 1139 2406 etiam
1173 2341 1312 2423 corporis

163 2447 338 2511 accidentia
370 2448 540 2512 salubritas
574 2451 607 2512 et
638 2447 835 2513 conmoditas
864 2448 1060 2524 ualitudinis
1089 2448 1196 2525 decus,
1225 2447 1310 2512 forti-
1357 2457 1427 2511 345.

110 2555 150 2618 69
162 2554 250 2631 tudo,
270 2574 349 2635 quae
374 2573 409 2618 ex
432 2556 574 2637 tempore
599 2554 747 2618 accidunt
770 2557 803 2618 et
826 2573 898 2618 cum
922 2557 1025 2618 aetate
1049 2556 1225 2620 mutantur.
1249 2575 1309 2620 non
1330 2584 1358 2624 20

161 2660 352 2725 mediocrem
381 2662 461 2725 hanc
488 2662 646 2743 triplicem
675 2660 808 2745 gratiam
832 2665 936 2744 putes.
965 2661 1064 2725 habes
1088 2661 1171 2725 enirn
1194 2661 1312 2743 perseo-

83 2855 85 2858 ,
161 2767 280 2831 tionem
304 2769 478 2850 perfectam
501 2769 532 2832 in
558 2768 735 2850 euangelio.
760 2787 831 2831 nam
856 2787 929 2832 cum
952 2767 1031 2831 dicit
1054 2767 1200 2833 dominus
1219 2769 1311 2832 lesus

160 2873 242 2956 legis
270 2873 372 2954 perito
400 2874 463 2939 illi:
498 2875 650 2959 diliges
686 2873 886 2939 dominum
918 2877 1041 2952 tuum,
1072 2874 1193 2939 animae
1221 2874 1312 2938 insti·

162 2980 240 3042 tiam
272 2981 402 3044 mandat
429 2981 607 3045 tenendam.
641 2981 758 3046 etenim
787 2980 815 3044 si
842 2981 989 3045 honorari
1015 2985 1160 3065 parentes
1188 2981 1310 3047 iustum

253 3154 269 3207 3
287 3153 370 3208 Arist.
390 3154 452 3207 Eth.
473 3154 533 3207 Nic.
552 3155 566 3208 I
585 3153 601 3207 8
622 3154 704 3221 (1098
714 3155 741 3216 b,
763 3155 806 3219 12)
826 3156 903 3209 Diels
922 3155 989 3209 Dox.
1009 3155 1071 3218 570,
1091 3157 1125 3210 26
1195 3157 1211 3210 6
1229 3155 1309 3209 Philo

162 3241 272 3306 Quaest.
292 3242 335 3296 ΠΙ
356 3244 389 3296 16
445 3245 460 3296 7
482 3242 548 3298 Gen.
569 3244 594 3307 2,
616 3243 647 3297 13
712 3244 826 3297 9Ph110
847 3243 958 3308 Quaest.
977 3243 1021 3297 ΠΙ
1041 3244 1073 3298 16
1092 3245 1178 3314 Legg.
1199 3244 1311 3314 allegl

162 3333 195 3386 23
216 3332 271 3402 (58,
292 3333 324 3384 10
332 3353 338 3395 ;
362 3331 438 3396 180,
458 3333 474 3385 6
497 3331 537 3402 0.)
562 3332 593 3385 de
614 3333 724 3384 somniis
744 3333 778 3386 39
797 3333 869 3400 (692,
889 3333 948 3403 34);
976 3332 1009 3386 cf.
1029 3331 1062 3385 de
1081 3333 1208 3402 paradiso
1232 3335 1256 3397 3,
1278 3333 1309 3386 18

162 3420 196 3473 23
215 3420 314 3473 Matth.
334 3421 377 3480 22,
397 3422 431 3474 37

199 3536 211 3587 1
229 3534 420 3604 sposponderit
435 3540 458 3601 (s
475 3535 525 3591 alt.
539 3536 620 3599 erar.)
634 3536 663 3588 P
712 3537 732 3590 ’4
746 3535 933 3590 accidentibus
948 3537 967 3600 (i
981 3552 1023 3604 pr.
1037 3552 1071 3590 ac
1086 3541 1110 3602 e)
1125 3536 1153 3588 P
1206 3539 1222 3591 5
1237 3535 1310 3595 ἐκτός

160 3625 259 3692 scripsi
278 3623 387 3678 eCTOT
406 3624 434 3676 P
452 3628 484 3690 (a.
503 3628 550 3676 m3
575 3627 664 3678 estete
689 3625 707 3680 i.
728 3642 751 3678 e.
771 3625 892 3691 ‘eroterub
917 3623 1030 3679 ΒΟΤΟΤ
1049 3625 1081 3678 Τ’
1099 3625 1131 3695 (a.
1150 3629 1193 3678 1111
1212 3625 1310 3696 estete}

163 3717 250 3767 esteta
264 3721 320 3776 cet..
336 3714 370 3780 cf.
383 3713 469 3766 Pbe'lo
487 3713 596 3783 (lauert.
612 3714 670 3766 III
680 3717 717 3766 16
735 3715 922 3767 ‘extemorum'
937 3721 962 3768 et
976 3714 1102 3768 Bonttza'a'
1120 3713 1179 3767 iad.
1194 3715 1310 3768 Ariston

162 3819 224 3858 au.
241 3801 315 3864 ἐκτός
370 3802 499 3870 datque]
521 3818 551 3855 ac
569 3801 631 3855 DN
703 3803 812 3872 aegypti
830 3803 860 3856 D
881 3803 901 3867 (i
919 3803 951 3855 ia
968 3803 1037 3868 ras.)
1056 3803 1090 3857 N
1141 3802 1220 3856 8est
1240 3807 1268 3874 et
1285 3804 1313 3856 P

163 3895 205 3944 est
222 3891 253 3945 in
271 3907 327 3944 raa.
347 3894 394 3944 1113
412 3889 446 3942 N
545 3892 561 3944 9
582 3889 699 3944 eufrates
720 3892 784 3944 libri
885 3891 918 3945 10
936 3891 1081 3945 inluminet
1100 3897 1125 3960 (e
1144 3892 1176 3946 ia
1193 3892 1261 3962 raa.)
1280 3893 1312 3946 N

164 3980 196 4032 12
215 3978 380 4048 propriorP
397 3981 420 4043 (r
440 3978 489 4032 alt,
509 3979 632 4043 eras.)0
686 3981 720 4032 14
738 3980 787 4032 ulli
802 3980 873 4048 usui]
890 3980 1142 4034 illiusuiDNOM
1196 3983 1228 4036 15
1248 3980 1311 4034 fidei

162 4068 229 4120 ΝΜ
293 4068 329 4121 20
348 4067 474 4121 accidunt
493 4067 572 4135 (dunt
591 4085 623 4121 ex
642 4070 659 4121 d
677 4068 735 4138 m3)
754 4068 781 4120 P
846 4068 878 4121 21
899 4069 967 4122 hanc
987 4073 1015 4136 (n
1033 4085 1055 4123 a.
1074 4074 1114 4135 u.)
1133 4069 1161 4122 P
1231 4086 1310 4138 pper-

161 4155 308 4209 fectionem
329 4160 356 4224 (p
376 4159 456 4221 eros.)
481 4155 509 4208 P
561 4156 595 4208 23
624 4155 761 4209 dominum
786 4144 864 4209 deum
890 4160 966 4210 tuum
985 4157 1013 4211 P
1034 4157 1126 4227 (deum
1149 4173 1170 4211 e.
1189 4163 1229 4223 u.)
1254 4163 1311 4224 cet,

156 4244 226 4310 fort.
247 4249 316 4297 recte
370 4244 404 4296 24
423 4244 556 4297 honorare
574 4244 611 4297 M
