2858 4824
96 356 218 421 XXXI]
569 349 785 405 Praefatio.

98 550 267 632 quominus
302 566 374 611 curn
407 566 443 610 ex
476 545 587 609 eodem
615 545 713 624 fonte,
743 565 804 627 quo
834 547 865 611 in
896 546 994 611 simili
1022 549 1092 612 loco
1120 549 1197 626 478,
1227 549 1246 610 5

98 675 177 719 usus
207 656 256 719 ost
284 652 337 736 (of.
365 672 396 734 p.
425 648 539 737 XXV),
568 649 714 715 hausisse
739 653 930 716 statuamus.
958 650 1147 716 imitationis
1171 653 1247 718 Uer-

98 762 233 846 gilianae
266 761 297 824 in
330 759 391 824 hoc
423 759 533 823 libello
567 777 666 821 uuum
700 761 824 823 tantum
853 777 888 823 ac
918 760 995 823 satis
1024 763 1120 824 tenue
1148 760 1246 824 uesti-

99 870 188 951 gium
215 868 300 931 inest
326 886 357 949 p.
388 866 461 941 654,
493 867 511 927 2
541 864 573 928 in
597 865 704 928 uerbis
729 865 787 928 ‘exi
811 866 953 930 seuritio’
977 864 1032 951 (cf.
1057 865 1154 950 Uerg.
1178 867 1247 930 Eol.

96 977 113 1040 Ι
149 973 217 1061 40),
260 993 354 1055 quam
394 972 590 1037 locutionem
630 971 819 1036 Ambrosius
861 973 1027 1054 permultis
1068 973 1148 1038 locis
1196 973 1247 1037 ad-

99 1082 204 1145 hibuit
220 1078 241 1166 ¹)

144 1184 231 1264 Quae
254 1186 334 1250 ratio
358 1185 440 1249 inter
461 1184 607 1249 libellum
631 1184 668 1247 dc
692 1185 781 1247 Isaac
805 1187 837 1248 41
860 1184 1051 1268 opusculum
1076 1185 1120 1250 de
1145 1186 1245 1251 bono

97 1294 241 1360 mortis
265 1292 472 1357 intercederet
485 1291 550 1354 iam
566 1309 662 1373 supra
677 1289 939 1374 significauimus.
963 1292 1008 1356 ita
1022 1292 1105 1357 inter
1124 1312 1157 1357 se
1177 1295 1247 1357 nexi

97 1404 131 1465 ot
152 1400 254 1484 iugati
278 1402 364 1477 sunt,
388 1402 425 1463 ut
449 1397 540 1480 quasi
563 1417 661 1460 uuum
687 1417 800 1480 corpus
830 1397 978 1463 efficiant.
1012 1418 1085 1462 nam
1114 1419 1186 1463 cum
1214 1401 1247 1464 in

96 1508 213 1572 ultima
239 1507 328 1571 illius
356 1509 445 1587 parte
468 1505 656 1570 Ambrosius
686 1504 831 1569 dixisset:
865 1511 948 1587 ‘ergo
982 1525 1042 1569 nou
1075 1507 1247 1572 timeamus

96 1617 242 1687 mortem,
276 1613 425 1696 quoniam
456 1612 580 1692 requies
614 1613 663 1674 est
700 1612 849 1692 corporis,
888 1613 1009 1676 animae
1048 1617 1155 1677 autern
1193 1616 1248 1678 uel

97 1722 227 1785 libertas
256 1720 309 1783 uel
338 1717 518 1795 4144111114),
546 1718 663 1780 iamin
688 1718 748 1781 hoc
772 1717 805 1780 id
830 1718 891 1782 sibi
914 1720 1090 1802 proposuit,
1115 1723 1153 1785 ut
1177 1740 1246 1784 eam

96 1827 287 1891 sententiam
315 1825 446 1890 uberius
475 1825 644 1907 explicaret
672 1828 705 1889 41
737 1825 945 1891 confirmaret.
981 1847 1074 1909 quam
1109 1828 1147 1891 ad
1179 1847 1245 1890 rem

97 1954 159 1999 nou
183 1934 289 1998 solum
310 1933 432 2017 largam
456 1951 562 1996 sacrae
587 1933 763 2015 scripturae
786 1933 938 2010 locorum,
960 1934 1075 2016 quibus
1095 1935 1147 1998 hic
1165 1935 1247 1998 liber

95 2039 231 2104 refertus
260 2042 317 2117 est,
347 2058 485 2102 messem
515 2039 576 2102 sibi
605 2038 810 2120 comparauit,
840 2039 895 2103 sod
925 2040 1020 2103 etiarn
1046 2060 1082 2104 41
1104 2040 1245 2122 philoso-

96 2146 189 2228 phiae
225 2145 345 2209 horreis
385 2163 464 2226 quae
502 2145 540 2209 ad
577 2164 643 2208 rem
681 2164 771 2209 suam
810 2145 1009 2226 pertinebant
1041 2147 1246 2230 deprompsit.

95 2252 217 2318 etenim
248 2251 359 2315 mortis
393 2249 543 2326 delinitio
574 2270 653 2332 quae
684 2251 758 2329 731,
790 2252 828 2314 11
859 2251 988 2336 legitur,
1018 2272 1090 2318 cum
1115 2273 1246 2318 444411-

98 2359 188 2424 uenit
220 2378 300 2440 quae
331 2359 363 2422 in
392 2358 533 2421 Platonis
561 2357 731 2421 Phaedone
761 2357 801 2419 67
827 2357 855 2421 Ι)
879 2358 1007 2442 legitur.
1041 2364 1136 2442 atquc
1161 2361 1245 2425 hunc

98 2466 260 2550 dialogum
288 2465 386 2529 altero
416 2482 540 2545 quoque
569 2464 638 2527 loco
668 2463 709 2547 (s,
734 2461 790 2549 51)
815 2464 932 2528 diserte
956 2466 1157 2549 significauit,
1184 2487 1244 2548 quo

96 2592 184 2637 more
205 2591 262 2636 suo
283 2572 450 2634 Platonem
469 2571 567 2634 uerba
586 2569 642 2633 illa
659 2570 871 2653 pulcherrima
891 2572 922 2634 in
943 2571 1080 2637 Socratis
1105 2574 1246 2638 oratione

96 2677 155 2763 (63
181 2675 255 2763 Ο)1)
282 2697 317 2742 er
341 2677 482 2741 Hesdrae
505 2676 586 2740 libro
611 2680 733 2757 quarto,
758 2678 850 2742 cuius
873 2679 960 2743 locos
985 2681 1105 2744 multos
1128 2680 1160 2744 in
1185 2681 1245 2744 hoo

81 2785 252 2867 *opusculo
277 2784 400 2848 adlatos
424 2769 533 2860 habes,
557 2782 703 2846 hausisse
728 2784 899 2848 contendit.
926 2786 1000 2861 741,
1021 2788 1063 2849 20
1083 2806 1129 2868 sq.
1150 2787 1190 2850 ad
1210 2806 1246 2851 ea

96 2891 218 2956 adlusit
241 2910 321 2973 quae
339 2891 430 2955 Plato
456 2890 493 2954 de
516 2909 549 2953 ro
572 2889 660 2972 publ.
683 2890 713 2953 X
737 2891 801 2954 620
825 2891 851 2954 Α
877 2893 1031 2974 exposuit,
1053 2912 1244 2976 quamquam

96 2998 159 3062 alio
185 3012 310 3081 quoque
329 2999 415 3062 fonte
439 2998 471 3061 in
495 2996 647 3061 hocloco
673 2998 886 3063 concinnando
910 3019 989 3064 usus
1014 3020 1083 3065 esse
1107 3000 1244 3065 uidetur.

97 3104 210 3169 deinde
239 3124 318 3187 quae
348 3105 422 3182 731,
453 3106 491 3168 11
523 3103 614 3167 dicit:
644 3105 737 3168 ‘mors
766 3105 846 3169 nihil
874 3107 912 3169 ad
936 3109 1060 3171 nos'et
1084 3109 1124 3171 13
1149 3108 1246 3190 ‘quod

98 3211 178 3275 nihil
197 3211 295 3276 sentit
312 3211 391 3275 nihil
414 3210 454 3275 ad
477 3217 545 3274 nos'
568 3209 614 3272 ita
637 3210 817 3292 conspirant
841 3231 912 3276 curn
936 3213 1065 3294 Epicuri
1089 3215 1245 3278 sententia

96 3315 142 3403 (p.
164 3319 216 3397 71,
235 3338 265 3381 n.
287 3319 306 3380 2
325 3318 356 3381 in
380 3316 511 3382 Useneri
529 3314 722 3401 Epicureisl:
750 3314 766 3379 ὁ
785 3314 918 3388 θάνατος
942 3313 1027 3381 οὐδὲν
1050 3321 1126 3402 πρὸς
1148 3315 1241 3404 ἡμᾶς·

93 3425 129 3486 τὸ
151 3421 208 3506 γὰρ
232 3423 373 3486 διαλυθὲν
397 3419 581 3506 ἀναισθητεῖ·
604 3422 637 3483 ab
657 3423 683 3484 δ’
703 3421 904 3507 ἀναισθητοῦν
933 3417 1018 3486 οὐδὲν
1046 3426 1122 3507 πρὸς
1149 3419 1243 3510 ἡμᾶς,

98 3532 135 3591 ut
167 3528 304 3593 dubitari
336 3530 480 3610 nequeat,
515 3528 589 3609 quin
616 3528 745 3610 Epicuri
777 3528 922 3592 libellum
953 3530 1007 3610 qui
1034 3531 1133 3613 κύριαι
1160 3531 1245 3603 δόξαι

95 3635 281 3700 inscribitur
308 3635 340 3698 in
368 3654 435 3698 rem
460 3654 550 3699 suam
580 3634 819 3720 conuerterit.³)
845 3655 998 3718 quaeres
1023 3637 1245 3718 comprobatur·

145 3809 164 3876 1)
184 3808 216 3864 of.
237 3809 302 3861 Hex.
322 3808 347 3860 V
372 3809 413 3875 14,
432 3810 467 3862 49
492 3809 524 3862 de
548 3808 615 3864 Cain
639 3813 666 3863 et
684 3809 754 3863 Abel
776 3809 805 3862 11
828 3809 853 3872 2,
873 3810 889 3863 9
908 3809 941 3863 (14
960 3809 1030 3864 bono
1049 3811 1144 3864 mortis
1164 3814 1188 3875 5,
1209 3813 1240 3865 21

97 3897 132 3951 de
150 3897 231 3951 Iacob
251 3896 324 3963 113,
345 3897 377 3950 12
404 3897 437 3950 de
459 3898 559 3968 Ioseph
577 3899 604 3965 4,
624 3900 656 3952 19
680 3898 772 3952 Enarr.
791 3897 886 3967 psalm.
906 3897 1033 3953 XXXVII
1051 3918 1072 3953 s.
1092 3899 1127 3953 28
1147 3899 1179 3953 de
1199 3899 1242 3952 off.

98 3987 163 4039 min.
182 3986 224 4039 ΙΙΙ
243 3986 269 4049 8,
288 3986 322 4039 53
343 3987 423 4055 epist.
442 3987 485 4050 37,
505 3988 547 4040 24.

142 4077 164 4142 2)
182 4075 301 4144 respexit
323 4078 413 4128 autem
436 4073 551 4128 fortasse
575 4075 655 4128 simul
679 4091 711 4128 ea
734 4091 802 4145 quae
825 4076 853 4129 in
871 4075 994 4130 Platonis
1013 4075 1148 4146 Apologia
1165 4080 1198 4132 41
1219 4080 1242 4130 Α

95 4165 233 4233 leguntur.
251 4163 364 4216 tertium
381 4164 470 4216 locum
490 4180 520 4216 41
538 4163 683 4217 Phaedone
703 4163 875 4234 desumptum
894 4165 978 4218 habes
998 4167 1057 4229 739,
1080 4166 1120 4219 15.

144 4253 165 4320 ³)
186 4253 219 4307 cf.
238 4253 354 4308 Useneri
372 4253 447 4323 Epic.
467 4271 492 4323 p.
512 4253 565 4307 395
585 4254 684 4307 41422
