2858 4824
377 337 419 390 De
438 335 574 389 Abraham
593 335 621 388 II
639 337 664 401 4,
686 337 789 391 14-16
818 337 1090 408 ([3181-31911).
1241 341 1304 403 575

72 529 111 592 15
161 531 265 612 quod
307 531 517 596 incolatus
559 552 669 596 meus
707 532 976 615 prolongatus
1019 534 1090 596 est.
1133 531 1305 597 descensus

160 640 265 702 autem
295 637 454 702 Abraham
481 639 513 702 in
540 640 733 723 Aegyptum,
761 638 821 703 hoc
851 642 901 702 est
928 639 968 702 ad
995 639 1078 703 feros
1103 643 1135 704 et
1157 640 1305 705 barbaros

159 765 272 822 mores,
297 746 352 829 qui
375 746 488 811 uirtuti
512 747 630 811 deferre
654 746 822 822 nescirent,
842 766 881 810 ne
900 751 1049 810 nocerent
1067 766 1123 828 per
1140 746 1304 824 inuidiam,

160 851 237 916 dixit
265 852 368 931 Sarae,
398 873 436 918 ne
466 872 500 918 se
528 873 657 918 uxorem
685 852 753 918 eius
782 853 911 929 diceret,
941 853 996 917 sed
1029 872 1178 918 sororem
1200 852 1305 935 appel-

127 959 247 1023 slaret.
277 964 309 1023 ct
336 960 409 1024 hinc
439 960 555 1044 grande
584 960 707 1024 sobriae
734 960 851 1024 mentis
875 960 1072 1043 mysterium,
1098 961 1149 1025 cui
1174 960 1236 1025 cito
1260 962 1305 1024 in·

158 1067 295 1131 uidetur.
321 1069 353 1131 et
371 1066 442 1131 ideo
461 1071 499 1131 ut
517 1067 671 1131 inuidiam
691 1067 851 1149 reprimat,
870 1067 1073 1132 humiliorem
1094 1087 1127 1132 se
1146 1071 1304 1151 praestare
1359 1102 1362 1110 ·

160 1172 260 1238 debet.
289 1193 350 1238 non
380 1173 440 1238 sibi
468 1173 680 1257 principatum
709 1193 803 1256 super
831 1194 945 1239 omnes·
967 1174 1117 1250 uindicet,
1149 1195 1210 1239 non
1243 1175 1305 1238 sibi

159 1280 217 1344 soli
242 1281 429 1363 sapientiam
453 1281 544 1364 quasi
566 1282 769 1365 praecipuam
793 1281 933 1365 adroget.
956 1282 1033 1346 haec
1059 1286 1108 1347 est
1127 1301 1221 1364 quam
1242 1279 1302 1346 sibi
1322 1293 1346 1344 D

159 1387 307 1452 Solamen
330 1407 458 1453 uxorem
482 1387 670 1470 adquisiuit;
699 1407 776 1452 uror
800 1388 882 1452 euim
905 1389 1075 1470 praecipue
1100 1391 1150 1452 est
1173 1387 1228 1451 uni
1253 1387 1303 1451 de-

114 1518 140 1556 10
158 1493 234 1557 bita.
267 1495 374 1576 itaque
407 1514 515 1560 omncs
549 1495 681 1576 cupiunt
712 1495 770 1559 tali
802 1515 836 1560 se
861 1496 974 1578 copula
1002 1495 1113 1578 dignos
1142 1495 1245 1558 uideri
1273 1498 1305 1558 et

160 1601 268 1665 dolent
290 1602 352 1666 sibi
375 1603 514 1684 aliquem
537 1602 697 1684 praeferri,
718 1603 772 1685 qui
791 1606 880 1666 tanta
899 1604 987 1666 solus
1007 1602 1147 1684 potiatur
1165 1600 1304 1684 pulchri-

158 1707 278 1774 tudine.
302 1728 391 1773 soror
414 1712 520 1772 autem
545 1709 681 1790 quodam
706 1709 760 1772 uel
782 1708 849 1772 iure
870 1709 1087 1793 germanitatis
1107 1710 1161 1773 uel
1180 1710 1304 1774 nomine

158 1815 318 1896 plerisque
348 1814 496 1879 sociatur.
531 1816 563 1877 et
590 1814 661 1878 ideo
690 1833 801 1877 uerum
830 1817 1002 1879 amatorem
1025 1834 1121 1879 suum
1145 1816 1305 1899 integrum

72 1919 111 1981 16
159 1921 197 1985 ab
235 1921 350 1984 iniuria
381 1924 532 1985 reseruat.
570 1921 652 1984 unde
685 1920 830 1985 uidentes
864 1941 932 1986 eam
964 1922 1124 2006 Aegyptii,
1158 1922 1212 2004 qui
1244 1942 1304 1987 non

114 2052 139 2089 aa
157 2032 288 2110 possent
320 2027 496 2092 discerncre
528 2048 585 2094 nec
617 2028 748 2093 uirtutis
781 2030 914 2092 formam
948 2048 1149 2112 cognoscere,
1177 2029 1349 2113 uulgaris

158 2135 360 2201 aestimantes
374 2136 492 2201 iudicio
506 2137 697 2202 induxerunt
710 2137 749 2201 ad
765 2139 941 2220 tyrannum,
961 2137 1021 2200 boc
1041 2139 1090 2200 est
1109 2137 1148 2200 ad
1167 2141 1305 2201 mentem

159 2242 337 2324 superbam,
366 2262 446 2325 quae
474 2243 597 2325 pondus
627 2243 799 2326 sapientiae
827 2264 887 2307 non
918 2243 1072 2307 sustinuit
1100 2246 1131 2307 ct
1157 2243 1228 2307 ideo
1253 2244 1304 2307 ad·

158 2347 279 2412 flictata
303 2352 362 2413 est,
397 2351 515 2414 etenim
540 2369 612 2414 cum
637 2350 772 2414 animam
797 2350 961 2432 inprobam
986 2350 1117 2414 uirtutis
1140 2350 1306 2414 intrauerit

159 2473 272 2534 sermo,
296 2456 459 2540 redarguit
482 2477 551 2521 eam
575 2457 687 2540 culpae
713 2457 888 2539 errorisque
911 2456 1031 2538 pudore
1056 2456 1162 2520 adficit
1186 2459 1217 2520 et
1235 2476 1304 2539 pro-

113 2584 140 2624 ao
157 2561 308 2643 lapsionis
337 2565 466 2644 torquet
493 2563 610 2628 dolore.
638 2584 773 2645 namque
803 2563 878 2626 dum
903 2563 933 2626 in
959 2563 1092 2645 quadarn
1118 2582 1229 2627 sumus
1254 2562 1305 2626 de-

157 2668 319 2749 linquendi
345 2669 486 2747 libidine,
511 2670 635 2734 nebulis
660 2670 852 2752 quibusdam
871 2670 1070 2752 insipientiae
1094 2689 1182 2734 mens
1208 2669 1305 2733 obdu-

160 2778 242 2842 citur
260 2780 291 2841 et
310 2777 397 2841 fumo
418 2777 554 2858 quodam
572 2777 750 2859 iniquitatis
771 2777 855 2841 oculi
875 2777 942 2840 eius
963 2777 1110 2860 caligant,
1135 2796 1173 2840 nc
1197 2776 1304 2840 uideat

158 2904 267 2949 eorum
295 2904 374 2965 quae
398 2884 596 2966 concupiscit
619 2884 861 2960 deformitatem,
887 2884 941 2947 sed
967 2903 1038 2948 curn
1063 2883 1165 2947 omnis
1189 2884 1304 2946 nebula
1327 2895 1348 2948 F

157 2990 318 3055 transierit
354 2993 386 3055 et
418 2991 590 3072 sapientiae
623 2992 770 3072 splendor
801 2991 972 3068 refulserit,
1006 2991 1115 3074 grauia
1147 2994 1305 3055 tormenta

112 3118 140 3160 aa
159 3099 339 3162 exercentur
362 3098 394 3161 in
419 3098 554 3179 quodam
578 3099 661 3162 male
686 3099 806 3162 conscii
830 3097 1008 3162 secretario.
1041 3097 1148 3179 itaque
1176 3097 1303 3181 grauior

157 3206 266 3267 nostra
294 3223 382 3267 mens
406 3203 499 3267 iudex
524 3209 573 3268 est
597 3205 807 3269 conscientiae
831 3209 920 3268 reatu
946 3207 978 3268 et
1000 3203 1117 3268 iudicio
1142 3204 1303 3286 paeniten-

155 3309 229 3374 tiae.
259 3311 372 3392 quodsi
400 3312 453 3374 uel
485 3331 578 3395 aegra
604 3333 660 3393 per
687 3314 813 3393 culpam
843 3313 895 3376 uel
922 3312 1062 3376 inualida
1089 3331 1144 3394 per
1171 3310 1301 3374 infirmi-

247 3502 260 3554 1
283 3499 348 3553 Gen.
370 3501 412 3565 12,
433 3502 463 3554 11
485 3517 543 3569 sqq.
599 3502 614 3554 9
634 3501 700 3570 Reg.
720 3501 806 3561 1113,
826 3502 842 3555 9
863 3518 920 3571 sqq.
978 3502 1010 3555 16
1030 3500 1096 3555 Gen.
1118 3503 1159 3567 12,
1181 3502 1213 3556 15

195 3634 207 3686 1
229 3633 372 3688 descensus
392 3635 469 3687 Paul
481 3634 507 3686 T
524 3633 689 3691 descendens
708 3635 791 3688 Pina
809 3639 856 3688 cet.
931 3636 947 3687 2
970 3635 998 3687 in
1018 3637 1172 3705 Aegyptum
1190 3637 1218 3689 P
1233 3653 1254 3689 s.
1275 3652 1302 3688 a.

156 3726 210 3786 m2,
229 3739 281 3777 om.
304 3723 330 3776 Τ
399 3725 416 3775 4
436 3740 553 3776 sororem
574 3723 630 3776 cius
649 3723 713 3776 DN
776 3725 792 3777 5
812 3724 918 3777 sobriae
937 3725 1035 3777 mentis
1055 3725 1111 3778 ΡΤ
1127 3726 1236 3778 uirtutis
1255 3732 1301 3779 cet.

157 3809 174 3862 8
194 3812 270 3880 quasi
289 3828 340 3867 om.
359 3811 424 3865 DN
491 3813 507 3865 9
527 3811 649 3864 salomon
670 3813 735 3865 libra'
808 3814 841 3866 10
861 3816 888 3866 et
908 3814 1001 3867 dolent
1024 3814 1049 3866 T
1066 3818 1096 3867 ut
1116 3815 1209 3868 dolent
1227 3815 1304 3867 Pmr

157 3903 189 3952 ut
207 3899 318 3953 doleant
336 3901 419 3953 Pma
437 3907 484 3954 cet.
541 3903 572 3954 11
595 3900 641 3968 qui
659 3901 758 3969 scripsi
776 3900 835 3969 quis
856 3902 921 3954 libri
992 3902 1152 3970 patiaturP
1171 3906 1197 3966 (o
1216 3906 1263 3955 m2
1279 3919 1300 3955 e.

158 3988 286 4057 apr.)0
340 3991 373 4043 14
392 3989 676 4058 111111111Ρ(1111.11.)
750 3991 1086 4059 rescruatP(rpr.exs)
1144 3992 1175 4044 17
1196 3991 1301 4059 sapien·

156 4077 212 4130 tiae
231 4076 335 4145 pondus
355 4077 382 4129 B
472 4078 583 4131 adflicta
601 4078 749 4132 DNBCM
829 4080 862 4132 22
883 4080 1035 4148 caligantur
1053 4080 1080 4132 P
1098 4083 1140 4145 (ur
1159 4079 1224 4132 add.
1244 4082 1301 4144 m2)

155 4164 275 4218 DNOM
346 4165 459 4219 uideant
472 4166 505 4219 N
521 4170 563 4231 (nt
579 4167 610 4220 111
624 4171 691 4234 ras.)
747 4169 782 4221 24
801 4167 928 4238 splendor
946 4168 1083 4221 refulserit
1096 4169 1177 4221 PTB
1196 4168 1302 4237 fulgore

155 4253 264 4307 fulserit
283 4261 329 4310 cet.
386 4257 420 4309 26
440 4273 516 4309 mens
535 4260 628 4310 nostra
646 4257 673 4308 B
