2858 4824
176 330 206 392 Χ
638 325 857 379 Ρ19919119.

178 525 215 587 19
247 522 362 603 loseph
396 521 559 585 consectus
593 521 636 585 sit
668 525 804 585 9199191.
839 542 899 605 qua
932 523 964 585 in
997 541 1029 584 19
1063 521 1254 602 expedienda
1286 540 1322 584 eo

178 629 365 693 adiuuamur
392 628 477 709 qnod
499 626 698 703 Ambrosius,
729 647 801 691 cnm
831 627 869 691 de
894 627 1017 692 duobus
1041 628 1125 710 regis
1150 627 1322 691 Pharaonis

179 736 332 800 eunuchis
360 734 414 820 (91.
445 734 522 799 Gen.
552 737 604 811 lo,
635 736 667 818 2)
692 735 854 812 disseruit,
877 735 980 799 tribus
1004 735 1083 798 locis
1109 753 1184 797 suae
1209 735 1323 798 aetatis

178 842 349 925 spadonem
382 843 513 923 eiusque
546 845 662 906 sortem
696 841 832 922 quodam
860 842 954 907 modo
988 861 1060 905 9919
1085 845 1169 906 sorte
1193 841 1323 905 alterius

179 949 315 1012 eunuchi
336 949 577 1031 comparandam
598 948 798 1032 significauit.
824 949 940 1012 etenim
961 951 992 1024 6,
1014 951 1055 1011 30
1075 949 1151 1012 haec
1169 949 1323 1032 legimus:

179 1055 319 1119 ‘alterius
353 1055 510 1120 somnium
544 1054 597 1139 (91.
628 1054 705 1120 Gen.
740 1057 793 1132 40,
825 1057 865 1120 ld
895 1061 974 1138 sqq.)
1002 1075 1063 1120 999
1097 1056 1178 1119 11191
1208 1056 1322 1119 dicere.

178 1161 367 1226 meministis
388 1165 471 1225 99119
490 1162 658 1225 uerborum
678 1180 830 1240 meorum,
851 1162 932 1244 quod
954 1163 1049 1226 etianr
1064 1165 1140 1226 1999
1153 1161 1323 1244 refugerim

179 1269 247 1332 eius
280 1268 570 1351 interpretationem
603 1269 634 1331 19
668 1288 715 1345 99,
749 1269 840 1333 cuius
875 1270 994 1333 exitum
1027 1268 1158 1352 refugio,
1187 1271 1323 1332 mortem

178 1376 344 1451 horresoo’,
361 1375 474 1439 deinde
490 1395 514 1439 s.
531 1377 588 1440 33:
609 1380 656 1440 ‘et
670 1377 811 1442 factum
830 1378 888 1441 991
901 1377 1005 1459 inquit
1018 1380 1105 1459 9991
1119 1375 1324 1439 biennium’

178 1480 231 1566 (cf.
262 1482 339 1547 Gen.
369 1484 422 1561 41,
459 1484 501 1567 1).
534 1484 670 1547 mentior·
703 1484 740 1547 de
773 1485 833 1549 1199
865 1484 964 1549 nostri
993 1484 1140 1567 spadonis
1169 1485 1322 1564 tempore,

177 1589 238 1653 nisi
258 1591 289 1652 et
308 1590 374 1654 dies
394 1590 544 1655 conuenit
563 1641 570 1655 .
588 1641 619 1655 ..
641 1592 698 1656 sed
717 1591 778 1655 9119
799 1592 882 1654 11999
900 1590 1007 1654 1991119
1025 1592 1200 1672 9199191991
1224 1589 1324 1666 dolor,

178 1696 305 1778 991999
324 1698 622 1761 commemoratione
641 1698 818 1772 crudescat3
844 1716 882 1761 ne
901 1698 1003 1779 1991119
1024 1696 1151 1779 quidem
1170 1697 1324 1760 sermonis

178 1803 241 1866 1991
254 1803 437 1867 meminisse
453 1804 599 1880 delectat,
621 1824 713 1886 quem
732 1807 808 1868 tnnc
828 1804 980 1886 temporis
1000 1805 1051 1867 uel
1072 1803 1217 1867 effuderit
1236 1802 1326 1867 dolor

178 1910 231 1972 uel
247 1910 411 1973 extorserit
426 1910 576 1975 ecclesiae
594 1912 806 1988 coutumelia’,
822 1911 956 1992 denique
972 1929 996 1975 s.
1014 1910 1325 1990 3519199999-

177 2016 302 2098 positus
322 2020 389 2081 erat
408 2021 440 2079 et
457 2018 656 2100 praepositus
676 2018 759 2102 regis
779 2017 960 2087 animalium
981 2018 1021 2081 ad
1040 2016 1239 2097 disciplinam
1254 2036 1323 2079 mn·

178 2124 291 2200 191919,
321 2124 379 2188 hoc
409 2127 458 2187 est
486 2124 661 2205 spadonum
686 2126 879 2188 animalium.
904 2125 954 2188 hic
979 2143 1103 2204 quoque
1129 2123 1325 2188 sacerdotem

180 2229 299 2293 domini
314 2231 429 2306 detulit
444 2232 476 2294 et
488 2251 596 2315 regem
611 2231 719 2296 fraude
737 2232 899 2297 conmouit
912 2232 943 2295 19
960 2231 1132 2295 sacerdotis
1148 2229 1325 2312 9911991919

180 2336 296 2401 ethic
326 2336 423 2420 Syrus
457 2341 532 2402 erat.
565 2358 640 2402 9919
670 2341 815 2417 19991191,
845 2338 969 2420 quando
999 2341 1030 2401 et
1057 2336 1159 2417 991119
1187 2336 1326 2400 9119919

180 2443 394 2507 conueniunt?
417 2444 517 2509 Aman
542 2463 666 2528 quoqne
691 2445 838 2509 cubiculo
861 2445 946 2528 regis
971 2447 1003 2506 et
1025 2444 1093 2525 1999
1112 2443 1324 2526 91999991199,

180 2550 254 2614 dum
283 2551 432 2615 inuadere
462 2551 613 2615 ecclesias
642 2551 761 2616 domini
788 2551 919 2632 inproba
950 2549 1129 2614 temeritate
1163 2549 1327 2612 contendit

178 2656 396 2740 populumque
424 2658 548 2722 fidelem
577 2659 712 2741 spoliare
741 2677 777 2723 ao
800 2657 957 2739 persequi,
983 2656 1133 2739 grauibus
1158 2655 1326 2738 sacrilegia

179 2764 345 2846 suppliciis
365 2765 532 2845 expendit'.
558 2785 652 2846 quem
677 2768 784 2829 autem
807 2765 967 2829 1191919919
990 2762 1143 2827 111919919
1168 2761 1325 2845 significa-

180 2871 264 2934 uerit
281 2871 480 2950 Ambrosius,
505 2872 642 2954 epistula
666 2892 759 2953 quam
785 2872 824 2936 ad
841 2871 1057 2936 Marcellinum
1082 2888 1221 2933 99191919
1245 2888 1325 2948 9999

181 2976 403 3043 dccxxxxv
436 2979 531 3060 99919
566 2982 640 3060 9991
673 2980 756 3043 diem
784 2979 871 3042 19919
901 2981 973 3042 9919
1001 2997 1129 3060 pascam
1143 2975 1167 3062 ¹)
1196 2977 1326 3058 99119911

180 3103 236 3148 999
272 3084 395 3149 edoceri
426 3085 490 3150 iam
524 3106 619 3168 supra
647 3086 792 3150 diximus.
825 3086 871 3149 ibi
899 3086 982 3148 enirn
1010 3087 1051 3168 (s.
1076 3086 1130 3165 28)
1154 3085 1324 3165 postquam

182 3190 218 3254 de
247 3191 447 3272 imperatoris
476 3193 687 3258 Ualentiniani
718 3193 850 3257 iunioris
883 3191 1039 3255 mandatis
1072 3209 1197 3273 quoque
1229 3189 1325 3252 inodo

181 3317 214 3361 se
239 3299 308 3363 eius
332 3299 474 3364 notarius
498 3301 695 3383 comitesque
720 3301 895 3384 gessissent
918 3299 1072 3380 exposuit,
1092 3298 1169 3360 haec
1189 3296 1326 3360 addidit:

180 3404 325 3486 ‘denique
363 3405 460 3469 etiam
497 3406 626 3488 speciali
664 3406 861 3488 expressione
899 3404 1083 3487 calligonus
1125 3401 1325 3486 praepositus

181 3511 322 3575 cubiculi
353 3511 432 3574 mihi
464 3512 613 3576 mandare
646 3532 742 3577 ausus
778 3517 839 3577 est:
874 3517 934 3576 ‘me
966 3511 1041 3575 9199
1074 3513 1112 3574 19
1148 3508 1325 3573 contemnis

180 3618 459 3682 Ualentinianum?
493 3622 589 3701 caput
619 3619 679 3683 tibi
712 3622 812 3684 tollo'.
845 3619 1008 3701 respondi:
1042 3618 1129 3680 ‘deus
1161 3615 1327 3699 permittat

181 3724 239 3786 tibi
272 3727 309 3787 ut
340 3724 473 3806 impleas
503 3725 588 3808 quod
615 3727 754 3792 minaris.
789 3746 847 3810 ego
877 3726 979 3808 patiar
1006 3725 1091 3807 quod
1114 3722 1265 3804 episcopi,
1290 3725 1325 3784 19

179 3831 276 3895 199199
306 3832 389 3912 quod
415 3832 597 3913 spadonis.''
620 3835 702 3899 11999
729 3834 830 3917 igitur
858 3833 1067 3917 Calligonum,
1096 3828 1255 3894 hominem
1289 3847 1326 3890 ex

181 3937 270 4020 Syria
302 3938 479 4018 oriundum,
513 3941 566 4023 qui
599 3942 799 4024 praepositus
833 3939 972 4004 cubiculi
1001 3935 1213 4002 Ualentiniani
1244 3934 1325 3997 inni-

181 4045 244 4109 9119
272 4044 342 4123 1911,
373 4046 447 4127 quia
474 4067 663 4131 quamquam
693 4048 789 4130 spado
820 4048 921 4130 stupri
955 4044 1217 4111 consuetudinem
1251 4061 1324 4105 curn

228 4236 487 4308 qmmpm
