2858 4824
588 277 807 333 Praefatio.
1133 274 1267 340 LXXIII

124 498 202 561 quac
227 458 333 544 autem
356 477 483 560 propria
505 476 631 553 habent,
656 474 758 538 ueluti
782 475 856 550 513,
882 473 1012 551 delicit,
1038 472 1161 553 66166,
1190 471 1264 548 528,

120 589 140 649 4
160 586 329 666 perueniat
347 588 375 647 et
393 604 457 648 6666
476 584 547 647 boui
569 583 671 662 operis
695 583 801 662 aperte
825 580 905 684 falsa
929 582 1013 645 sunt.
1037 577 1204 641 ueniamus
1227 577 1266 640 61

119 692 261 756 codicem
288 691 531 767 Einsidlensem,
563 690 681 753 formae
715 687 941 772 quartanariae,
973 685 1159 769 paginarum
1190 685 1263 762 198,

119 817 199 864 saec.
223 800 261 879 X,
287 799 341 880 661
365 799 481 882 pagina
503 797 606 881 prima
628 815 729 861 uacua
752 795 862 859 relicta
885 793 958 856 inde
984 793 1021 855 ab
1047 793 1146 867 611616
1161 810 1263 873 66666

117 904 156 968 61
193 905 340 989 paginam
377 907 439 970 136
475 893 668 968 Η616166166
701 902 853 987 Agustini
886 885 941 982 em
970 900 1118 964 continet.
1152 898 1262 961 deinde

116 1031 147 1092 p.
174 1013 349 1077 136-140
378 1016 555 1094 sequuntur
578 1014 636 1076 hac
660 1011 864 1094 inscriptione
889 1009 1025 1073 adiecta:
1056 1010 1112 1072 EX
1135 1008 1260 1078 LIBRO

116 1116 148 1184 S.
181 1119 386 1184 AMBROSII
422 1121 473 1183 llll
507 1119 658 1184 TRIBUS
692 1115 971 1182 PATRIAROHIS
1005 1116 1101 1180 uerba
1138 1117 1260 1181 ‘merito

197 1225 383 1292 adsercione'
404 1234 588 1311 consparge’
613 1227 700 1310 (627,
726 1226 868 1302 8-531,
895 1223 1062 1309 11).11666
1090 1244 1120 1306 p.
1152 1227 1257 1288 140-

114 1331 176 1393 141
202 1332 263 1396 6116
287 1334 447 1416 excipiunt
471 1337 624 1417 excerpta,
650 1333 687 1397 de
717 1332 831 1414 quibus
861 1350 1012 1414 exponere
1039 1332 1170 1414 longum
1200 1336 1258 1396 661.

112 1457 207 1520 quam
232 1441 270 1504 ob
294 1461 361 1506 rem
386 1463 458 1506 cum
483 1444 562 1506 nihil
586 1443 631 1506 616
652 1461 723 1506 cum
742 1440 832 1505 libris
852 1440 891 1503 16
909 1440 1068 1504 Abraham
1092 1458 1258 1504 commune

111 1545 163 1610 611.
198 1567 281 1611 auno
314 1569 350 1613 ca
381 1551 481 1613 missa
508 1551 672 1614 faciamus.
707 1549 841 1631 1661666
868 1549 899 1611 16
929 1547 1052 1631 paginis
1083 1547 1256 1611 147-197

112 1652 223 1716 ultima
255 1673 357 1719 uacua
388 1657 499 1720 relicta
530 1654 659 1720 libellus
694 1657 731 1719 16
764 1657 845 1720 bono
878 1655 989 1719 mortis
1024 1655 1161 1736 scriptus
1197 1658 1256 1718 est.

109 1757 188 1821 nihil
219 1760 293 1824 boni
324 1762 409 1827 inest
440 1764 471 1827 in
504 1765 564 1828 hoo
596 1764 783 1847 fragment0‚
818 1762 901 1844 6661
933 1763 998 1826 1616
1032 1779 1156 1842 semper
1183 1780 1254 1825 cum

108 1862 179 1929 Das
204 1869 372 1951 conspirat,
396 1875 520 1953 practer
543 1891 639 1935 unam
662 1891 729 1934 rem
753 1889 885 1951 eamque
908 1869 1118 1946 lenissimam,
1146 1869 1254 1933 166116-

107 1988 179 2033 nem
212 1973 354 2039 decernes
386 1980 475 2060 (528,
512 1980 565 2063 16)
600 1979 681 2057 dico,
716 1996 795 2058 6666
828 1977 859 2039 in
894 1975 1007 2040 ceteris
1045 1975 1077 2038 in
1115 1975 1255 2038 decernes

107 2075 279 2158 deprauata
303 2090 361 2147 661.
888 2139 893 2150 ,.

150 2183 288 2250 Macrini
325 2194 448 2272 praeter
485 2192 619 2271 6611666,
658 2211 737 2274 6666
776 2191 820 2255 616
857 2192 889 2254 in
928 2190 1080 2272 opusculo
1115 2189 1151 2253 de
1184 2190 1252 2256 Noe

103 2293 295 2358 recensendo
320 2296 358 2359 ad
382 2318 493 2362 manus
517 2299 617 2363 fuisse
641 2319 737 2382 supra
766 2299 914 2375 diximus
944 2298 1023 2362 duos
1053 2298 1106 2379 661
1132 2297 1250 2370 librum

104 2396 239 2477 priorem
263 2404 425 2467 continent
448 2406 668 2478 adhibuerunt,
692 2408 721 2470 R
745 2410 776 2470 61
798 2407 994 2470 Parisiacum
1020 2406 1094 2475 627,
1120 2405 1157 2469 16
1182 2405 1249 2486 661-

103 2502 163 2565 bus
189 2525 284 2588 supra
308 2512 486 2593 expositum
511 2517 568 2579 cst.
594 2533 630 2576 61
652 2515 731 2578 libro
756 2513 945 2577 Nouaricnsi
968 2511 1132 2576 simillimo
1158 2511 1249 2574 fluxit

101 2607 303 2677 lma-naam
325 2616 432 2682 6666,
902 2601 904 2606 ’

145 2715 340 2786 Denenimus
377 2724 440 2788 iam
476 2727 515 2790 ad
556 2729 669 2793 seriem
711 2728 919 2811 scriptionum
955 2724 1279 2800 Ambrosianarumu
1308 2758 1342 2783 aa

101 2840 234 2902 quarum
262 2831 404 2895 recensio
434 2834 544 2897 codem
572 2836 776 2900 fundamento
806 2835 928 2912 nititur,
951 2834 1049 2897 libros
1079 2833 1116 2895 16
1145 2832 1244 2908 Isaac,

46 3020 51 3028 Ι
100 2927 137 2992 16
161 2930 243 2996 bono
267 2937 389 3011 mort—is,
415 2939 551 3025 defuga
575 2943 704 3021 6666611,
729 2943 767 3006 16
790 2942 895 3006 lacob.
915 2942 947 3004 in
966 2939 1016 3003 his
1040 2939 1122 3003 enim
1148 2938 1244 3003 omni-

98 3035 158 3099 bus
188 3039 249 3104 duo
279 3043 403 3109 codices
427 3067 457 3129 p.
482 3049 586 3113 LlI‘a
609 3051 699 3115 nobis
724 3049 885 3139 descripti,
909 3046 1243 3127 Audomaropoli-

97 3145 217 3209 tanus
236 3149 284 3211 -72
305 3150 358 3235 (Α)
380 3155 411 3216 61
433 3155 653 3222 Ρ611616666
679 3160 765 3222 11113
784 3155 848 3242 (Ρ),
868 3156 943 3220 noni
962 3157 1094 3236 6161666
1114 3153 1242 3231 6666611,
1347 3216 1350 3221 .

96 3249 269 3333 principem
294 3256 402 3322 locum
426 3262 579 3338 obtinent,
606 3266 701 3329 ceteri
726 3262 1028 3341 6616111,61616616
1052 3262 1242 3343 quibusdam

96 3358 670 3438 66616616166161161611661116116
695 3373 889 3449 discesseris,
914 3372 993 3436 nihil
1022 3372 1105 3453 6661
1135 3375 1242 3442 61161

95 3465 222 3530 criticae
246 3488 341 3534 usum
364 3474 460 3538 166161
483 3479 575 3544 nobis
596 3480 740 3545 offerunt.
762 3500 797 3545 ac
817 3483 854 3546 de
873 3484 1091 3566 Augiensibus
1112 3484 1241 3549 CCXIII

95 3574 126 3632 ct
150 3571 322 3658 661161
348 3582 379 3642 61
398 3579 469 3662 lb),
495 3584 548 3665 661
573 3587 692 3651 6666611
717 3588 831 3653 decimi
856 3593 887 3653 et
911 3590 1069 3655 undecimi
1094 3594 1176 3669 sunt,
1202 3592 1239 3655 de

93 3677 285 3745 Einsidlensi
320 3686 383 3750 164
418 3687 470 3776 (Ε)
510 3694 629 3756 saeculi
670 3695 858 3771 duodecimi,
898 3697 1031 3779 denique
1076 3699 1113 3761 de
1156 3698 1237 3764 libro

92 3786 193 3849 sancti
226 3788 409 3857 Theoderici
443 3799 527 3879 apud
560 3801 686 3880 Remos,
720 3824 803 3869 nunc
841 3806 991 3870 Remensi
1022 3807 1085 3871 352
1119 3804 1170 3890 (T)
1207 3811 1237 3870 et

90 3889 250 3958 Duacensi
274 3898 339 3962 226
365 3899 419 3984 (1))
439 3941 483 3950 —
507 3906 687 3974 duodecimi
710 3915 844 3995 uterque
870 3920 919 3978 est
942 3916 1061 3979 6666611
1080 3954 1123 3962 -
1143 3925 1237 3998 supra

88 4015 120 4076 p.
133 3998 284 4066 LXVIIII
299 4009 332 4069 et
345 4007 435 4073 LIIII
450 4011 597 4079 diximus.
618 4037 713 4099 quam
731 4020 770 4083 ob
790 4040 856 4084 rem
875 4021 939 4085 iam
958 4023 1116 4104 reliquum
1136 4002 1236 4086 estut

90 4103 127 4167 16
156 4106 280 4173 duobus
310 4113 364 4194 qui
393 4116 455 4181 huc
482 4121 641 4200 pertinent
671 4126 834 4191 6611611166
864 4128 1004 4192 breuiter
1032 4148 1233 4211 exponamus.

89 4228 124 4274 ac
139 4214 284 4294 priorem,
301 4218 543 4291 Uaticanum
564 4229 783 4312 bybliothecae
798 4233 968 4299 Uaticanae
984 4235 1130 4317 antiquae
1146 4238 1232 4300 5759
