2858 4824
103 368 265 432 LXXVIII
568 364 784 418 Praefatio.

101 562 190 626 ribus
205 561 426 626 adscriberem.
447 563 521 624 sunt
540 563 647 623 autern
666 564 789 642 praeter
807 559 959 641 quasdam
981 558 1133 623 editiones
1154 579 1249 641 supra

102 672 362 733 commemoratas
378 668 451 732 hae:
468 667 717 731 Amerbachiana
730 666 876 730 Basileae
892 686 919 731 a.
930 665 1249 732 MOCCCLXXXXH

102 775 134 838 in
157 776 261 839 lucem
286 775 416 850 emissa3
441 774 635 838 Basileensis
659 792 686 839 1.
706 773 817 837 MDVI
840 791 876 836 er
895 774 1146 838 Amerbacbiana
1164 774 1249 857 typis

102 882 273 965 descripta3
306 883 499 956 Erasmiana,
534 900 614 963 quae
648 900 683 944 ex
717 880 843 944 officina
871 880 1019 944 Frobenii
1046 881 1192 945 Basileae
1221 901 1248 945 1.

101 989 286 1054 MDXXVII
313 988 444 1070 prodiit3
473 987 666 1052 Basilcensis
691 1007 718 1053 a.
743 988 976 1052 MDXXXVIH
1000 1007 1018 1050 a
1041 987 1248 1070 sigismundo

102 1095 233 1162 Gelenio
259 1099 377 1174 curata,
399 1115 494 1178 quarn
514 1116 541 1160 a.
561 1095 668 1159 MDLI
687 1095 814 1178 repetiit
833 1097 857 1160 Ι.
880 1095 1058 1171 Oosterius3
1078 1096 1247 1172 Parisinus,

101 1224 194 1286 quarn
227 1203 252 1270 l.
288 1202 440 1269 Gillotius
473 1203 598 1286 parauit
629 1202 761 1266 Parisiis
792 1222 818 1266 a.
848 1202 1077 1280 nutritura
1107 1203 1249 1268 Romana

101 1331 127 1376 a.
139 1310 576 1393 MDLXXVHHJLXXXVH
589 1310 622 1373 in
638 1310 803 1392 publicum
820 1309 908 1385 data;
925 1308 1059 1391 denique
1074 1313 1149 1386 1111,
1166 1328 1247 1392 quae

101 1437 137 1481 ex
151 1418 291 1483 Romana
308 1417 468 1480 deriuatae
484 1419 569 1491 sunt,
586 1415 783 1481 Coloniensis
800 1435 826 1479 a.
842 1415 1009 1480 MDOXVI
1024 1418 1057 1480 et
1069 1416 1248 1480 Parisiacae

100 1544 127 1588 1.
160 1524 405 1589 MDCXXXXII
438 1526 470 1587 et
507 1522 680 1588 MDCLXI.
713 1542 748 1587 ac
782 1523 820 1586 de
858 1523 1033 1600 codicibus
1072 1524 1188 1605 quibus
1221 1526 1246 1591 l.

99 1631 276 1695 Amerbach
300 1650 378 1694 usus
403 1634 462 1708 est,
487 1629 550 1694 iam
575 1631 653 1695 satis
677 1650 728 1694 me
753 1631 937 1712 exposuisse
959 1634 1049 1713 puto.
1078 1632 1158 1695 hanc
1183 1631 1247 1695 edi·

99 1739 218 1802 tionem
241 1737 361 1820 posteri
382 1737 529 1815 editores,
549 1755 739 1819 quamquam
759 1737 879 1801 multos
903 1739 991 1801 locos
1015 1740 1071 1801 aut
1092 1737 1247 1801 librorum

99 1862 195 1907 manu
228 1844 420 1926 scriptorum
452 1847 508 1907 aut
541 1843 739 1907 coniecturae
773 1863 831 1924 cpe
854 1845 1116 1922 immutauerunt,
1140 1847 1246 1908 tamen

98 1951 130 2016 in
163 1951 350 2015 uniuersum
384 1951 486 2015 secuti
519 1952 604 2028 sunt,
629 1950 712 2014 unde
747 1951 867 2014 factum
896 1953 1016 2025 estut
1043 1951 1247 2015 Amerbachii

98 2063 204 2124 textus
238 2059 395 2142 scriptura
428 2078 507 2139 quae
541 2057 657 2120 dicitur
691 2057 825 2140 uulgata
856 2057 1035 2121 haberetur.
1067 2077 1170 2141 pauca
1207 2058 1246 2122 ad

98 2166 211 2230 menda
233 2165 374 2230 tollenda
396 2166 547 2247 locosque
577 2167 741 2246 corruptos
766 2164 920 2229 sanandos
945 2165 1147 2229 contulerunt
1168 2167 1246 2229 Era·

98 2290 187 2335 smus
212 2273 243 2334 et
267 2269 428 2346 Gelenius,
453 2271 545 2352 plura
569 2269 730 2334 Costerius
755 2274 787 2334 et
810 2268 974 2349 Gillotius‚
998 2271 1053 2352 qui
1081 2272 1245 2337 codicibus

99 2397 225 2460 quoque
254 2377 376 2459 aliquot
402 2377 556 2459 inspectis
584 2377 704 2458 passim
734 2378 887 2460 genuinas
915 2378 1067 2443 lectiones
1091 2380 1244 2444 restituit.

100 2485 155 2548 sed
182 2504 254 2548 mox
282 2484 451 2547 marimum
482 2483 631 2547 damnum
654 2484 816 2548 Ambrosii
843 2485 933 2549 libris
957 2486 1084 2549 illatum
1107 2489 1158 2549 est
1181 2486 1245 2550 edi·

98 2590 184 2657 tione
207 2592 263 2655 illa
287 2611 305 2655 a
327 2592 432 2655 Felice
462 2591 611 2654 cardinali
639 2591 677 2653 de
700 2591 809 2655 Monte
832 2592 919 2669 Ano,
944 2592 998 2674 qui
1025 2595 1137 2674 postea
1165 2592 1245 2658 Sinti

99 2698 202 2780 quinti
226 2698 352 2762 nomine
378 2700 505 2761 ornatus
529 2698 560 2760 in
585 2697 692 2761 sedem
717 2699 924 2779 apostolicam
949 2699 1100 2777 ascendit,
1124 2700 1243 2763 Romae

98 2806 186 2868 annis
215 2804 461 2868 MDLXXVHH
489 2806 522 2868 et
548 2803 790 2886 insequentibus
818 2806 979 2871 adornata.
1007 2807 1035 2870 is
1064 2807 1157 2884 enim,
1183 2808 1243 2872 etsi

97 2911 128 2975 in
155 2911 293 2994 epistula
320 2911 477 2974 uolumini
504 2910 605 2992 primo
634 2913 817 2994 praemissa,
852 2932 914 2994 qua
945 2911 1134 2998 Gregorium
1166 2914 1245 2978 XIII

97 3018 278 3098 pontificem
310 3018 490 3082 Romanum
522 3018 714 3100 adloquitur,
748 3039 782 3082 se
809 3019 970 3084 Ambrosii
1004 3040 1098 3102 opera
1125 3021 1158 3085 in
1181 3023 1242 3104 pri-

97 3125 214 3187 stinam
239 3125 411 3207 puritatem
440 3124 621 3190 restituisse
650 3116 805 3208 gloriatus
834 3129 894 3204 est,
922 3146 983 3191 non
1013 3130 1119 3191 tamen
1153 3129 1244 3192 dubi-

97 3230 180 3293 tauit
203 3249 240 3293 ea
262 3229 353 3312 plane
379 3230 417 3293 ad
437 3229 601 3293 arbitrium
621 3249 715 3293 suurn
733 3231 885 3316 refingere
905 3233 1035 3314 suisque
1055 3236 1242 3298 commentis

97 3337 225 3400 insertis
250 3336 427 3417 deturpare.
448 3341 570 3400 etcum
592 3337 688 3401 editio
712 3338 768 3401 illa
790 3339 871 3403 tanti
895 3340 1030 3404 nominis
1055 3341 1243 3407 auctoritate

98 3443 222 3506 munita
241 3446 404 3524 tamquam
424 3444 571 3508 omnibus
591 3445 729 3509 numeris
750 3446 897 3510 absoluta
916 3450 947 3510 et
960 3447 1100 3529 perlecta
1114 3449 1241 3530 saepius

97 3550 181 3632 typis
211 3552 416 3632 repeteretur,
446 3550 566 3613 lactum
598 3555 656 3629 est,
685 3556 722 3615 ut
748 3552 812 3615 fere
842 3572 949 3616 omnes
982 3553 1126 3618 homines
1155 3557 1242 3620 docti

97 3675 189 3720 ueros
214 3657 374 3721 Ambrosii
407 3657 505 3722 libros
540 3677 572 3722 11
606 3659 750 3723 manibus
783 3663 889 3723 tenere
923 3661 1042 3742 opinati
1073 3663 1155 3725 falsa
1186 3664 1242 3727 illa

97 3763 200 3845 specie
226 3763 488 3845 deciperentur-1).
513 3766 625 3829 merito
650 3766 749 3848 igitur
772 3769 832 3830 etsi
856 3769 939 3831 tecte
964 3770 996 3831 et
1019 3788 1144 3833 summa
1168 3789 1241 3834 cum

97 3869 309 3934 moderatione
332 3871 363 3933 in
388 3871 571 3952 prohoemio
596 3877 786 3937 notauerunt
804 3874 941 3939 Maurini
960 3876 1122 3940 licentiam
1140 3877 1240 3954 illam,

95 3997 157 4059 qua
189 3983 268 4055 tum,
303 3998 374 4041 curn
406 3999 521 4043 nouam
555 3979 726 4043 editionem
758 3982 918 4064 parabant,
952 3982 1016 4045 iam
1048 4002 1104 4065 per
1135 3985 1241 4048 totum

145 4194 164 4261 ¹)
184 4212 272 4264 neque
299 4198 392 4248 tamen
420 4196 527 4249 silentio
555 4198 824 4266 praetermittendum
848 4202 890 4252 est
913 4199 941 4252 in
965 4200 1014 4253 hac
1038 4200 1159 4255 editione
1186 4220 1240 4256 non

96 4300 194 4352 paucas
213 4285 362 4353 scripturae
382 4286 547 4354 corruptelas
568 4287 686 4355 egregiis
706 4287 940 4341 emendationibus
959 4289 1080 4342 sublatas
1102 4305 1169 4345 esse.
