2858 4824
345 382 386 435 De
404 383 481 437 Isaac
499 382 544 436 661
563 383 653 436 anima
670 384 696 450 4,
718 383 821 439 14-16
858 384 882 451 (Ι
901 383 951 438 361
973 383 1082 440 0-362
1102 384 1144 452 B).
1254 388 1318 452 653

178 597 399 662 cognoscas
435 581 483 656 te,
523 578 664 643 decora
696 577 804 642 inter
836 579 1039 644 mulieres.
1065 599 1146 662 quae
1180 583 1318 663 quereris

177 686 260 767 quod
291 685 402 750 relicta
433 685 488 761 sis,
516 685 578 749 nisi
605 689 637 748 te
666 704 849 769 cognoscas,
878 685 939 776 nisi
966 689 998 749 te
1025 687 1186 768 paeniteat
1207 688 1317 768 lapsus
1345 691 1367 745 F

176 794 234 872 tui,
266 793 327 858 nisi
357 793 563 856 intentionem
596 792 775 857 deuotionis
807 793 972 876 adprobes,
1005 793 1067 857 nisi
1098 793 1177 858 fides
1204 796 1260 858 tua
1288 799 1320 860 et

176 900 341 966 sinceritas
362 902 525 983 augeatur,
546 900 686 981 querella
704 898 784 963 nihil
801 900 951 981 proderit.
972 905 1027 964 aut
1046 901 1105 965 sic:
1127 901 1189 966 nisi
1204 920 1319 985 eogno-

144 1029 157 1069 6
176 1028 245 1073 scas
263 1011 296 1073 te
315 1007 390 1089 quia
408 1007 520 1071 decora
539 1025 584 1081 es,
603 1007 664 1070 nisi
684 1007 952 1090 pulchritudinem
970 1011 1099 1072 naturae
1118 1011 1191 1072 tuae
1210 1027 1318 1073 seruos

176 1118 208 1179 et
240 1115 379 1197 eorporis
411 1118 443 1178 te
480 1114 658 1177 inlecebrae
695 1133 755 1178 non
794 1114 978 1198 demergant
1013 1134 1070 1179 nec
1105 1114 1320 1196 inpedimenta

176 1223 344 1300 detineant,
374 1222 452 1285 nihil
479 1221 538 1286 tibi
562 1223 724 1284 creaturae
748 1221 887 1285 melioris
910 1221 1059 1285 nobilitas
1084 1221 1317 1303 suffragabitur.

88 1324 128 1387 16
220 1329 383 1412 Cognosce
413 1329 512 1413 igitur·
543 1332 575 1392 te
605 1329 636 1392 et
663 1331 793 1391 naturae
821 1330 894 1391 tuae
923 1327 1067 1392 decorem
1097 1331 1128 1391 et
1156 1328 1203 1391 exi
1228 1328 1319 1409 quasi

174 1440 268 1500 exuta
296 1436 434 1500 uinculis
464 1436 577 1518 pedem
610 1438 642 1500 et
674 1435 758 1500 nudo
792 1438 914 1499 exserta
941 1435 1090 1518 uestigio,
1118 1437 1156 1498 ut
1182 1434 1319 1498 carnalia

130 1564 156 1602 ιο
174 1542 387 1626 integimenta
413 1562 474 1607 non
506 1543 634 1619 sentias,
669 1541 845 1625 uestigium
880 1542 997 1606 mentis
1027 1545 1107 1605 tuae
1145 1541 1319 1623 corporalia

174 1648 301 1712 uincula
325 1666 386 1713 non
408 1648 571 1732 inplicent,
600 1653 637 1711 ut
664 1667 719 1730 pes
747 1651 824 1712 tuus
854 1648 1017 1730 speciosus
1047 1647 1203 1731 adpareat.
1236 1647 1415 1711 tales362A

174 1755 257 1818 enim
286 1759 362 1820 sunt
389 1755 443 1837 qui
471 1755 509 1818 ad
536 1774 670 1839 regnum
697 1755 856 1818 caelorum
884 1754 1134 1819 adnuntiandum
1158 1755 1318 1838 eliguntur·

175 1862 352 1939 adomino,
378 1863 556 1944 dequibus
585 1863 798 1926 dictumest:
833 1881 944 1945 quam
980 1862 1163 1944 speciosi
1195 1861 1316 1943 pedes

175 1969 550 2054 euangelinantium
596 1971 749 2051 pacem!
795 1969 869 2034 talis
910 1969 1050 2051 Moyseo,
1094 1969 1145 2033 cui
1187 1969 1316 2033 dicitur:

129 2079 290 2143 rosolus
332 2076 645 2141 calciamentum
687 2076 829 2158 pedum
866 2080 1033 2153 tuorum,
1071 2079 1109 2140 nt
1144 2081 1317 2140 uocatums

173 2186 327 2266 populum
360 2183 399 2247 ad
433 2183 483 2247 dei
515 2202 645 2266 regnum
681 2183 850 2264 deponeret
881 2183 969 2266 prius
999 2183 1099 2247 carnis
1129 2183 1256 2246 exuuias
1285 2185 1318 2246 et

172 2290 255 2355 nudo
280 2290 392 2373 spiritu
417 2289 619 2374 uestigioque
642 2290 758 2354 mentis
781 2289 949 2354 incederet.
977 2289 1037 2353 boe
1062 2293 1112 2354 est
1134 2308 1208 2372 ergo
1233 2289 1317 2370 quod

173 2397 232 2460 ait:
268 2396 329 2461 exi
361 2401 403 2461 tu
435 2397 474 2461 in
508 2397 716 2460 calcaneis
750 2415 910 2480 gregum
945 2399 983 2460 et
1014 2414 1135 2478 pasce
1166 2395 1315 2459 haedos

172 2501 263 2568 tuos
286 2504 325 2567 in
345 2504 624 2570 tabernaculis
644 2507 864 2586 pastorum,
885 2504 960 2584 quia
978 2523 1034 2586 per
1052 2521 1162 2586 greges
1182 2521 1314 2585 regnum
1342 2509 1365 2562 B

127 2628 153 2667 20
170 2611 398 2694 intellegimus,
422 2630 458 2675 eo
483 2610 567 2694 quod
590 2611 759 2692 potestatis
783 2610 828 2675 sit
846 2610 996 2695 gregibus
1016 2609 1204 2691 praesidere.
1228 2627 1316 2692 prae·

172 2719 255 2784 sidet
291 2722 398 2783 autem
436 2717 656 2799 unusquisque
695 2717 756 2781 sibi
789 2717 924 2799 quadam
957 2719 1116 2799 potestate
1147 2715 1255 2799 regali,
1289 2713 1316 2778 si

173 2825 338 2889 coherceat
369 2825 401 2888 in
437 2844 470 2888 se
504 2824 643 2907 corporis
675 2824 768 2887 luxus
802 2827 834 2888 et
863 2823 1014 2914 seruituti
1041 2822 1165 2906 redigat
1192 2840 1316 2887 carnem

262 3068 278 3123 8
298 3067 574 3138 ‘cognosce'...654,
597 3069 629 3121 12
648 3066 779 3120 ‘hostiles'
803 3067 827 3121 0
845 3068 869 3134 1,
889 3066 924 3120 34
944 3066 1024 3121 6135
1046 3066 1070 3131 (Ι
1091 3067 1158 3121 1555
1172 3066 1256 3119 D—-F
1269 3066 1316 3135 B.)

174 3156 613 3221 13n0m.10‚15usai.52‚7
671 3155 888 3219 1511661155
946 3156 978 3210 18
999 3155 1075 3210 Cant.
1098 3154 1155 3221 l,8

208 3317 220 3368 1
244 3315 360 3384 quereris
381 3315 443 3376 (om.
465 3314 544 3383 6666)
562 3315 614 3372 Ρ21
634 3314 786 3383 quaereris
811 3315 835 3368 V
857 3316 979 3380 6116666.
999 3317 1055 3380 662)
1074 3314 1109 3376 A,
1128 3313 1173 3383 (m.
1194 3317 1263 3378 661)
1283 3314 1308 3370 a

172 3405 234 3457 216
255 3404 304 3457 alt.
325 3403 482 3460 (16161662.
501 3419 521 3456 6.
541 3420 567 3456 u.
589 3402 689 3462 66211,
708 3410 770 3470 post
789 3404 929 3472 paeniteat
944 3408 1056 3469 ponunt
1074 3401 1123 3455 TO
1175 3402 1317 3471 peniteant

172 3498 200 3558 (n
218 3509 240 3546 6.
259 3507 286 3548 u.
305 3495 362 3558 m2)
381 3492 409 3545 A
463 3493 479 3545 3
498 3492 649 3545 intentione
669 3492 695 3560 (6
715 3509 748 3545 ex
767 3509 780 3545 e
800 3492 857 3560 oo2)
875 3492 903 3544 A
958 3493 974 3544 4
995 3491 1132 3560 quaerella
1144 3491 1172 3544 A
1192 3490 1317 3560 quaerela

171 3582 228 3635 PV
245 3581 353 3650 querela
372 3587 419 3635 cet.
530 3585 577 3634 aut
597 3584 626 3647 (6.
648 3581 783 3646 662166)
805 3582 830 3633 A
850 3597 880 3634 66
904 3581 958 3633 VN
961 3581 986 3633 Τ
1080 3582 1095 3633 7
1113 3584 1226 3633 naturae
1245 3579 1320 3637 aba

172 3668 432 3725 8616116611
497 3670 619 3727 661621
639 3671 714 3739 erige
733 3670 806 3726 2121
864 3671 1315 3735 96666616(1166666626.666-

171 3763 209 3813 tal
228 3760 255 3811 A
275 3762 381 3825 putansa
396 3759 426 3821 (6.
443 3759 544 3829 exerta)
561 3758 586 3810 T
604 3765 694 3812 exerta
709 3765 755 3813 cet.
808 3759 841 3811 10
855 3759 1044 3827 integumenta
1057 3759 1095 3810 N‘
1109 3758 1137 3828 (u
1152 3758 1207 3811 exi
1221 3760 1278 3822 662)
1295 3756 1318 3809 0

172 3855 197 3902 et
216 3849 256 3917 (gi
275 3864 308 3901 66
326 3848 374 3916 gu)
397 3848 422 3900 Τ
489 3849 519 3900 11
540 3848 629 3901 uincla
648 3847 753 3904 Pelle*
820 3849 852 3901 12
872 3848 1015 3916 eleguntur
1034 3847 1054 3912 (i
1072 3864 1092 3901 6.
1114 3864 1127 3900 6
1148 3846 1270 3912 alt.)m1
1293 3845 1317 3898 V

171 3938 260 3993 matt
348 3937 380 3990 16
400 3936 548 4006 deponeret
567 3937 640 4005 prius
660 3937 747 3989 carnis
767 3938 878 3990 exuuias
896 3937 924 3989 A
944 3936 1248 4005 (166616666616626.
1269 3934 1315 3988 de·

172 4029 295 4095 poneret)
314 4024 372 4078 PV
392 4025 552 4094 perduceret
576 4024 732 4095 (perducere
756 4029 802 4078 662
820 4027 862 4088 21,
886 4025 1034 4095 deponeret
1056 4041 1076 4078 s.
1098 4022 1255 4093 perduceret
1277 4023 1314 4087 Τ)

172 4114 245 4182 prius
265 4114 351 4167 carnis
371 4114 481 4166 exuuias
500 4114 623 4183 (poneret
637 4118 683 4167 m2
696 4131 716 4167 a.
733 4115 842 4167 exuuias
856 4115 898 4180 21)
915 4113 1001 4170 attur
1015 4114 1089 4182 prius
1105 4112 1191 4166 carnis
1206 4112 1315 4164 exuuias

173 4202 320 4272 deponeret
337 4202 411 4259 dP‘E
426 4202 584 4272 procederet
606 4204 680 4270 prins
704 4204 792 4256 carnis
816 4203 935 4256 abiciens
955 4203 1064 4256 exuuias
1086 4201 1114 4265 Ο,
1134 4202 1165 4253 in
1184 4215 1237 4267 qao
1251 4204 1317 4267 post

173 4295 203 4344 ut
223 4291 287 4344 add.
309 4291 354 4361 qui
407 4292 442 4344 22
462 4297 585 4345 coerceat
603 4292 709 4348 Puro
