2858 4824
96 331 137 394 VI
555 329 774 383 Praefatio.

96 523 187 588 deest
210 526 298 588 color
320 523 374 589 ille
399 527 492 605 atque
517 526 656 597 ornatus,
682 524 798 607 quibus
826 525 857 588 in
888 525 1085 589 sermonibus
1110 525 1242 591 Ambro-

96 630 162 695 sius
192 631 240 696 uti
264 632 356 707 solet,
382 630 438 694 scd
461 631 492 694 id
518 632 627 696 eodem
655 631 722 695 iure
751 635 938 714 argumento
960 632 1034 695 libri
1058 633 1097 696 ad
1121 632 1243 697 animos

96 737 341 802 commonendos
371 737 536 818 aptissimo
566 738 712 820 explicari
739 740 855 818 potest.
884 741 989 801 tamen
1013 737 1091 801 mihi
1115 739 1242 822 quidem

98 844 129 906 11
152 842 203 906 hic
235 843 364 907 libellus
398 844 436 907 ad
469 844 600 907 eandem
634 842 796 926 originem,
822 862 916 924 quam
945 843 1040 907 ceteri
1065 844 1101 907 de
1126 844 1243 926 quibus

97 949 190 1014 modo
220 949 455 1032 disputauimus
483 950 556 1014 libri
586 950 775 1026 habueruut,
801 950 982 1014 referendus
1011 969 1081 1014 esse
1105 951 1244 1015 uidetur.

98 1060 205 1119 contra
237 1056 269 1119 iu
302 1059 369 1120 toto
404 1057 483 1121 libro
518 1057 555 1120 de
590 1056 734 1140 paradiso
767 1059 833 1120 tam
871 1057 994 1120 aridum
1028 1076 1063 1120 ac
1102 1057 1243 1121 ieiunum

98 1161 223 1226 dicendi
247 1181 348 1246 genus
372 1166 432 1241 est,
456 1167 492 1228 ut
515 1164 568 1228 uix
592 1164 740 1228 credibile
766 1164 809 1227 sit
833 1183 905 1227 eum
930 1184 966 1227 11
990 1165 1188 1228 sermonibus
1212 1164 1244 1227 iu

98 1288 196 1332 uuum
228 1288 341 1352 corpus
370 1271 560 1335 consociatis
588 1274 697 1335 uatum
725 1290 805 1337 esso.
836 1270 914 1335 adde
940 1271 1023 1352 quod
1046 1271 1146 1336 totius
1170 1271 1245 1338 libri

99 1374 266 1440 consilium
295 1376 326 1439 in
354 1377 585 1441 haereticorum
613 1378 719 1459 prauis
748 1377 950 1460 opinionibus
978 1377 1153 1441 refutandis
1177 1397 1247 1440 uer-

100 1484 197 1558 satur,
223 1502 286 1565 qua
310 1483 347 1547 de
370 1503 403 1547 re
428 1487 540 1567 postea
564 1504 765 1568 exponemus.

654 1799 695 1862 ll.

146 2095 215 2159 Hac
249 2095 433 2176 quaestione
467 2095 614 2158 absoluta
646 2094 684 2158 de
716 2094 925 2175 temporibus,
951 2096 1066 2178 quibus
1094 2096 1167 2159 libri
1195 2097 1250 2178 qui

103 2201 164 2265 hoc
196 2201 358 2269 uolumine
391 2201 592 2264 continentur
625 2200 793 2282 compositi
830 2205 914 2279 sunt,
949 2202 1122 2285 disputatio
1160 2202 1250 2266 insti-

103 2308 222 2372 tuenda
256 2311 314 2385 est.
340 2308 431 2372 cuius
464 2308 509 2372 rei
542 2308 748 2372 fundamenta
779 2307 922 2373 iecerunt
944 2310 1080 2374 Maurini
1103 2310 1134 2374 iu
1162 2331 1251 2392 prae·

103 2414 276 2478 sationibus
305 2414 440 2498 siugulis
467 2414 557 2478 libris
586 2414 780 2496 praemissis
804 2417 990 2480 retractauit
1014 2436 1093 2498 quae
1118 2418 1156 2481 ab
1185 2419 1251 2482 illis

106 2521 248 2603 exposita
276 2523 351 2585 suut
379 2523 412 2584 et
439 2521 601 2604 suppleuit
628 2521 672 2585 M.
696 2521 768 2584 Ihm
798 2519 889 2586 Stud.
917 2523 1025 2588 Ambr.
1058 2543 1088 2604 p.
1116 2525 1156 2586 13
1182 2544 1251 2606 sqq.

106 2633 201 2710 atque
237 2628 456 2692 Erameron
495 2648 528 2692 se
565 2628 628 2692 iam
671 2646 804 2692 senem
847 2630 1073 2713 conscripsisse
1116 2633 1253 2694 testatur

105 2734 294 2800 Ambrosius
316 2735 389 2813 127,
412 2736 462 2799 17.
483 2735 567 2816 quod
591 2736 723 2799 uerbum
748 2754 809 2799 nou
832 2736 926 2800 ualde
949 2737 1157 2817 premendum
1182 2757 1253 2801 esse

108 2841 245 2924 adparet,
270 2861 342 2906 cum
368 2861 458 2905 senes
483 2842 609 2925 saepius
634 2841 695 2905 uiri
723 2841 952 2926 quinquaginta
978 2843 1043 2908 fere
1067 2863 1163 2908 anuos
1187 2844 1254 2907 uati

109 2948 263 3013 dicantur.
292 2949 371 3013 adde
401 2949 484 3031 quod
512 2948 572 3013 hoc
599 2948 669 3013 loco
693 2949 783 3030 pueri
807 2949 936 3014 senibus
961 2954 1172 3033 opponuntur.
1197 2951 1254 3014 sed
1347 2937 1350 2941 ’

109 3074 182 3118 cum
206 3075 285 3120 auno
309 3056 373 3120 fere
398 3055 637 3121 CCCLXXXVI
660 3055 698 3118 ab
722 3054 890 3120 Ambrosio
920 3076 991 3120 enm
1019 3076 1139 3120 morem
1163 3057 1254 3120 insti-

108 3165 216 3227 tutum
247 3181 316 3227 esse
346 3164 479 3241 constet,
492 3161 518 3249 ¹)
545 3165 583 3226 11
605 3162 715 3245 hymni
739 3182 757 3226 a
778 3164 896 3245 populo
920 3163 952 3226 iu
981 3163 1125 3227 ecclesiis
1150 3167 1262 3248 cauta-⁴

109 3273 227 3347 rentur,
261 3272 355 3353 atque
388 3269 456 3333 eius
490 3273 600 3334 cantus
633 3290 694 3335 uon
729 3270 832 3335 solum
862 3271 985 3335 duobus
1008 3271 1152 3335 Erameri
1175 3271 1255 3335 locis

110 3376 228 3441 mentio
258 3375 314 3441 fiat
342 3377 408 3462 (61,
440 3378 480 3440 16
510 3379 541 3440 11
571 3377 623 3455 75,
654 3375 697 3461 7),
727 3375 783 3440 sed
807 3376 902 3440 etiam
926 3377 1002 3454 201,
1029 3378 1069 3440 14
1093 3377 1256 3444 Ambrosii

111 3483 258 3566 hymnus,
287 3483 341 3566 qui
368 3483 482 3565 incipit
506 3503 523 3546 a
546 3484 652 3548 uerbis
677 3485 810 3548 ‘aeterne
837 3503 943 3548 rerum
971 3483 1134 3563 conditor',
1158 3485 1257 3565 respi-

112 3590 223 3668 ciatur,
236 3588 261 3675 2)
278 3593 398 3654 certum
414 3593 463 3655 est
477 3591 560 3655 huuc
574 3591 693 3655 librum
711 3593 785 3674 post
804 3610 919 3654 anuum
933 3591 1024 3655 illum
1041 3591 1257 3674 couscriptum

114 3717 193 3762 csse.
223 3697 334 3761 deiude
363 3697 513 3762 obseruas
543 3716 659 3779 quaeso
688 3695 735 3762 ΙΙΙ
766 3700 795 3776 1,
822 3700 841 3762 3
870 3697 1076 3780 tranquillum
1105 3698 1257 3762 ecclesiae

114 3808 233 3870 statum
250 3804 396 3887 describi,
412 3823 491 3887 quae
507 3805 623 3869 cotidie
641 3805 808 3870 haereticis
829 3807 861 3869 et
880 3805 1027 3888 gentibus
1047 3804 1259 3868 adfluentibus

114 3930 252 3976 crescere
282 3914 314 3976 11
341 3912 450 3995 augeri
478 3912 611 3978 dicatur.
641 3912 756 3995 quibus
784 3913 878 3977 rebus
907 3912 1051 3976 omuibus
1080 3931 1116 3976 eo
1145 3911 1259 3995 perdu-

163 4154 182 4226 1)
202 4155 234 4212 cf.
254 4156 313 4209 lhm
332 4174 358 4227 p.
378 4157 412 4212 35
432 4159 460 4210 et
478 4157 521 4212 59.

161 4243 182 4312 2)
203 4245 236 4299 cf.
256 4245 340 4299 Ebert
358 4245 429 4314 Allg.
450 4244 546 4300 Gesch.
567 4245 613 4299 der
631 4245 697 4300 Litt.
717 4244 764 4299 des
781 4245 856 4299 Mitt.
875 4245 912 4297 im
929 4242 1045 4297 Abendl.
1064 4240 1090 4296 1²
1110 4243 1169 4296 153.
