2858 4824
557 328 774 382 Praefatio.
1101 319 1236 397 XXXX1

89 541 196 586 meron
224 521 335 586 multis
364 522 449 587 foliis
480 522 650 603 deperditis
679 523 894 609 turpatum.1)
925 523 1037 587 deinde
1068 523 1238 589 (1333331-

91 632 305 692 memorentur
335 629 409 693 libri
441 629 588 692 maximis
625 629 870 711 propinquitatis
909 621 1047 694 uinculis
1085 630 1166 694 inter
1203 651 1236 695 33

90 736 260 813 3331113311,
284 736 524 800 Ρ311313333
551 733 669 813 13336,
684 736 709 817 ²)
734 736 787 816 qui
808 754 824 799 3
845 736 968 800 duobus
992 736 1081 800 libris
1103 739 1237 813 constat,

88 861 150 906 uuo
177 842 297 906 saeculi
320 837 496 911 undecimi,
516 843 571 924 qui
594 843 777 919 Exameron,
803 844 900 906 altero
930 842 1055 920 decimi,
1086 843 1140 924 qui
1163 843 1237 906 Ara-

89 949 166 1014 toris
196 968 320 1012 carmen
351 950 388 1012 de
414 949 537 1013 actibus
563 949 779 1031 apostolorum
804 950 1037 1032 complectitur,
1063 953 1094 1012 et
1116 950 1237 1014 Bono-

90 1055 248 1119 niensis
287 1057 328 1118 34
365 1055 586 1138 bybliothecae
624 1074 704 1136 quae
747 1061 795 1119 est
832 1055 1003 1131 Bononiae,
1045 1056 1076 1119 in
1114 1055 1238 1121 Galliac

90 1161 204 1244 oppido
230 1161 269 1225 ad
291 1182 376 1226 mara
401 1163 462 1226 sito
483 1161 580 1248 (nunc
599 1163 763 1247 Boulogne
784 1182 838 1225 sur
856 1182 924 1225 mer
942 1163 1098 1244 uocatur),
1119 1163 1239 1226 saeculi

90 1268 260 1334 undecimi.
272 1267 298 1350 3)
322 1269 378 1350 qui
399 1269 472 1333 libri
496 1288 685 1351 quamquam
709 1269 789 1333 locis
807 1269 938 1332 'tantum
962 1270 1085 1351 aliquot
1103 1269 1239 1350 inspecti

91 1377 163 1437 sunt
196 1394 213 1437 a
246 1374 410 1458 sigefredo
438 1376 555 1447 1131131,
584 1379 690 1439 tamen
724 1375 799 1457 quin
832 1375 872 1438 ad
900 1376 1035 1439 classem
1054 1374 1093 1438 'N
1124 1375 1238 1439 adscri-

89 1481 184 1544 bendi
226 1480 291 1545 sint
328 1482 466 1546 dubitari
503 1501 563 1546 non
601 1485 716 1564 potest.
764 1481 899 1564 denique
941 1482 1084 1546 eiusdem
1125 1480 1238 1546 3133313

91 1591 164 1651 sunt
196 1587 321 1652 codices
356 1587 483 1670 quidam
515 1589 699 1664 Britannici,
735 1588 837 1652 ueluti
871 1587 1236 1671 Cantabrigiensis

92 1693 217 1776 collegii
247 1704 374 1758 sanctae
402 1695 554 1759 trinitatis
580 1693 604 1758 0
631 1698 660 1772 3,
690 1697 731 1758 35
761 1694 879 1778 (Cant.)
904 1693 1021 1758 saeculi
1046 1694 1100 1770 ill,
1124 1694 1238 1758 Bodle-

91 1798 153 1863 iani
183 1802 236 1877 86,
267 1803 341 1879 206,
368 1802 442 1879 751,
466 1801 689 1866 Dunelmensis
714 1803 740 1864 B
766 1803 795 1878 5,
821 1803 851 1877 4,
878 1819 986 1865 omnes
1011 1800 1050 1863 ad
1074 1801 1237 1864 saeculum

91 1906 150 1970 Xll
182 1907 347 1973 referendi.
381 1908 415 1972 111
447 1909 520 1972 libri
551 1908 709 1991 pessimae
743 1911 835 1972 notae
870 1911 954 1984 sunt,
988 1910 1099 1989 utpote
1136 1906 1237 1970 foedis

90 2012 384 2096 interpolationibus
421 2015 588 2097 inquinati.
626 2016 672 2079 sic
709 2018 747 2078 ut
784 2015 845 2078 duo
882 2014 1023 2096 exempla
1061 2034 1096 2078 ex
1135 2015 1237 2094 operis

90 2119 179 2183 initio
204 2120 390 2205 deprompta
413 2141 595 2205 proponam,
620 2144 650 2205 p.
676 2125 706 2200 3,
732 2125 751 2184 2
774 2124 849 2203 post
868 2122 1081 2200 adsrcmpsissc
1099 2119 1237 2183 13311333

91 2226 206 2310 legitur
226 2234 519 2308 praesumpserunt,
545 2249 576 2292 u.
602 2230 643 2292 10
666 2231 739 2311 post
768 2228 970 2291 destituerent
994 2227 1153 2290 adiectum
1187 2229 1238 2290 est

92 2333 197 2413 3113111,
231 2334 337 2416 itaqua
367 2335 395 2398 si
423 2335 494 2416 quie
520 2354 573 2399 333
598 2335 778 2399 accuratius
802 2335 977 2398 examinare
1001 2333 1148 2411 uoluerit,
1172 2333 1235 2396 fru-

94 2443 157 2504 stra
180 2460 214 2504 se
237 2443 364 2524 tempus
388 2444 421 2505 31
442 2442 583 2506 laborem
608 2446 869 2522 consumpturum
894 2460 964 2505 esse
989 2441 1081 2504 seito.

134 2549 221 2610 luter
250 2547 385 2625 codices,
411 2568 544 2630 quomm
569 2549 720 2612 lectiones
745 2549 776 2611 in
802 2547 1027 2611 commentario
1053 2546 1237 2610 adterendae

93 2673 160 2718 esse
189 2653 325 2731 decreui,
354 2657 477 2737 praeter
504 2655 601 2719 libros
630 2653 948 2720 lucrifacturus
977 2653 1082 2733 recepi
1112 2672 1237 2735 quoque

92 2759 334 2824 Beruensem
364 2762 428 2825 325
458 2761 521 2846 (B),
551 2761 668 2825 formae
699 2761 862 2844 oblongae,
892 2760 1041 2825 foliorum
1072 2761 1144 2836 177,
1171 2779 1237 2822 333-

93 2867 155 2928 3311
182 2867 238 2941 Xl,
269 2886 330 2949 quo
359 2868 380 2931 f.
413 2869 541 2931 1-102
569 2867 743 2950 Augustini
773 2867 1015 2932 Confessionum
1038 2866 1110 2930 libri
1133 2866 1236 2943 Xllll,

94 2974 264 3038 roa-177
285 2974 445 3039 Ambrosii
463 2976 635 3039 Brameron
656 2975 864 3038 continentur.
886 2974 1114 3057 quodpropter
1133 2973 1238 3055 singu-

92 3080 188 3145 larem
212 3082 305 3163 plane
333 3080 429 3145 huius
458 3081 531 3145 libri
560 3081 776 3146 condicionem
805 3081 875 3144 leci.
907 3081 1026 3144 etenim
1054 3081 1085 3143 in
1114 3079 1237 3144 codices

91 3188 185 3251 unius
220 3186 333 3250 classis
368 3207 461 3270 saepe
494 3188 574 3252 libro
608 3188 738 3253 alterius
773 3187 913 3251 adhibito
947 3188 1099 3251 lectiones
1131 3185 1237 3248 illatas

92 3313 160 3358 3333
189 3294 253 3357 ianr
282 3313 377 3374 supra
405 3293 583 3372 docuimus,
613 3294 669 3357 sed
696 3294 771 3357 talis
800 3293 904 3375 qualis
930 3293 963 3356 in
991 3294 1017 3355 B
1046 3291 1239 3374 conspicitur·

91 3400 368 3464 contaminationis
396 3403 520 3482 praeter
547 3400 631 3464 hunc
659 3402 795 3464 alterum
825 3401 1005 3480 exemplum
1034 3417 1094 3462 non
1118 3398 1238 3460 inueni-

138 3521 156 3588 ¹)
176 3521 205 3574 13
224 3521 243 3576 f.
264 3523 290 3574 lr
306 3537 400 3574 manus
420 3539 489 3575 saec.
509 3522 586 3575 XVII
609 3522 676 3575 haec
699 3517 854 3590 adscripsit:
881 3520 1062 3574 ‘Bibliotheca
1080 3519 1238 3572 monasterii

91 3631 110 3665 s.
139 3610 256 3664 Vedesti
283 3609 440 3665 Atrebatem
471 3611 539 3664 1828
564 3612 605 3664 Α.’
631 3611 750 3664 familiae
775 3611 809 3663 N‘
841 3609 1033 3664 adscribendus
1062 3624 1168 3677 quoque
1198 3611 1239 3659 est

90 3698 321 3754 Darrnstadiensis
341 3701 402 3762 747,
421 3699 522 3754 formae
538 3701 735 3769 quartanariae,
755 3699 937 3766 1311333398,
953 3698 1116 3753 3313313333
1132 3696 1237 3765 aliquot

89 3788 207 3857 benigne
228 3787 392 3841 examinarit
405 3788 439 3841 H.
455 3788 532 3851 Niclr,
549 3788 736 3858 bybliothecae
751 3786 981 3841 Darmstadiensis
997 3785 1156 3856 praefectus.
1178 3801 1236 3837 cum

89 3877 195 3930 familia
204 3877 252 3930 M's
263 3877 414 3930 consentire
425 3876 614 3931 Coloniensem
625 3879 657 3931 31
672 3877 729 3943 (cfr.
741 3877 799 3931 cat.
810 3876 886 3930 cedd.
897 3877 960 3929 eccl.
969 3878 1046 3928 metr.
1056 3873 1112 3928 Col.
1123 3874 1164 3928 ed.
1172 3873 1238 3927 Iaffe'

92 3971 119 4020 et
134 3966 316 4019 Wattenbech
332 3966 498 4034 p.10)locis
514 3966 619 4034 aliquot
634 3967 666 4019 ab
682 3967 798 4019 Henrico
819 3966 874 4019 lilio
894 3966 1024 4034 inspectis
1045 3964 1156 4017 edoctus
1171 3980 1238 4016 sum.

136 4055 156 4121 ²)
176 4055 209 4109 cf.
230 4055 332 4108 Delisle
351 4055 506 4108 Inventaire
531 4054 576 4108 des
601 4055 762 4108 manuscrits
781 4055 865 4107 latins
889 4054 922 4106 de
943 4051 1237 4108 Saint·Germain-des-

92 4143 204 4214 Prds'p.
224 4145 266 4197 97.

137 4231 157 4296 ³)
179 4232 212 4286 cf.
233 4231 292 4286 Cat.
313 4231 360 4286 des
380 4232 439 4301 de'p.
460 4249 482 4288 a.
503 4249 522 4286 s.
545 4233 663 4286 1V594.
