2858 4824
608 362 827 417 Praefatio.
1174 365 1292 430 LXVII

142 561 333 627 lectionibus
363 563 419 624 aut
447 579 483 624 ex
510 560 538 624 D
566 560 637 643 ipso
667 563 723 624 aut
751 579 786 624 ex
815 559 922 624 codice
951 559 1020 623 eius
1045 559 1169 644 generis
1193 558 1291 624 illatis

141 671 222 734 hanc
256 688 336 750 quae
365 686 447 732 nunc
475 668 507 731 in
537 665 560 731 (i
591 670 622 731 et
649 667 683 731 M
713 666 908 747 conspicitur
937 667 1088 731 orationis
1118 665 1292 730 conforma-

140 776 262 841 tionem
286 775 440 839 ertitisse.
465 778 559 857 atque
584 774 693 838 eadem
715 774 778 837 fere
799 773 837 836 de
857 774 883 836 B
904 773 1007 837 dicere
1026 772 1112 851 licet,
1132 772 1197 854 qui,
1218 793 1291 837 curn

140 883 234 947 modo
264 882 304 946 ad
326 883 363 960 P,
388 880 482 946 modo
511 881 551 945 ad
574 881 599 944 'P
624 884 656 945 et
678 881 706 945 D
731 881 870 959 accedat,
884 881 931 943 ‘ex
954 879 1035 944 libro
1060 880 1157 945 uariis
1185 880 1290 945 modis

138 990 310 1054 retractato
334 988 497 1072 profectus
522 992 582 1054 est.

182 1096 322 1161 Maurini
354 1095 540 1177 praeterP‚
571 1113 633 1177 quo
666 1114 728 1159 non
756 1113 793 1158 ea
824 1112 885 1176 qua
909 1092 1043 1157 decebat
1028 1092 1210 1177 tdiligent'
1204 1113 1233 1156 ra
1256 1094 1288 1158 in

137 1204 197 1268 hoo
225 1205 363 1267 tractatu
392 1201 584 1267 emendando
613 1202 664 1266 usi
692 1204 777 1279 sunt,
808 1199 929 1265 eron
956 1200 1168 1264 adhibuerunt
1154 1201 1289 1266 tUalli-

137 1310 322 1386 clarensem,
347 1328 442 1390 quem
465 1308 541 1372 aT
567 1307 729 1372 diuersum
753 1307 853 1372 fuisse
877 1307 1052 1390 putandum
1083 1309 1132 1372 est
1139 1306 1175 1393 ¹,)
1201 1307 1288 1372 Uati-

137 1435 233 1482 canos
258 1416 337 1481 duos
362 1414 448 1499 (Uat.
471 1415 558 1498 bybl
582 1415 655 1480 Uat.
681 1417 744 1480 ant.
720 1416 891 1478 tt269e
878 1413 990 1480 tnUrb
1010 1415 1064 1492 41,
1089 1414 1210 1478 saeculi
1227 1415 1288 1478 XV

135 1521 367 1609 ut1·nmque)²),
392 1523 624 1587 Tornacensem
647 1524 807 1586 recentem
832 1525 864 1585 et
886 1521 1046 1585 Duacensi
1074 1520 1285 1598 simillimum,

135 1631 272 1712 denique
299 1618 570 1714 Longipontinum
599 1632 631 1693 et
657 1629 765 1711 ipsum
792 1631 950 1692 recentem
981 1630 1074 1710 atque
1106 1647 1142 1691 ex
1166 1628 1190 1690 P
1214 1627 1285 1710 ipso

133 1741 171 1802 ut
195 1737 324 1801 uidetur
347 1737 537 1815 deriuatum,
562 1755 656 1818 quem
680 1736 799 1800 frustra
822 1735 978 1818 quaesiui.
1010 1754 1047 1798 cr
1073 1735 1155 1799 libro
1179 1734 1285 1798 Noua-

132 1844 231 1909 riensi
255 1844 419 1909 simillimo
443 1843 587 1907 manauit
608 1842 813 1907 Amerbachii
837 1841 946 1907 editi0.

178 1950 346 2015 Librorum
375 1950 491 2034 quibus
520 1949 650 2032 scriptio
680 1949 718 2013 de
746 1949 944 2012 Abraham
972 1949 1063 2013 nobis
1092 1948 1209 2013 tradita
1232 1951 1421 2013 estnec-ham

133 2057 195 2121 duo
222 2077 335 2142 genera
359 2060 444 2133 sunt,
469 2076 604 2138 quorum
628 2057 727 2120 altero
750 2056 824 2120 libri
848 2056 951 2134 ambo,
972 2056 1071 2120 altero
1090 2055 1176 2137 prior
1194 2055 1282 2120 solus

133 2164 326 2239 continetur3
351 2164 403 2228 hic
428 2164 512 2228 enim
535 2163 639 2228 medio
664 2181 742 2227 aeuo
766 2163 868 2227 multo
888 2162 1086 2244 frequentius
1105 2162 1280 2245 legebatur.

130 2288 232 2352 neque
257 2288 332 2333 uero
356 2269 521 2332 miraberis
545 2288 618 2332 eum
642 2269 733 2332 alteri
751 2267 929 2350 praelatum
954 2287 1033 2335 esse.
1060 2268 1176 2332 etenim
1193 2268 1281 2332 facil·

129 2377 229 2440 limus
252 2376 418 2440 intellectu
443 2381 493 2442 cst
516 2396 552 2440 ac
574 2379 663 2441 totus
686 2377 718 2440 in
742 2376 918 2459 praeceptis
938 2395 1017 2458 quae
1039 2375 1077 2439 ad
1095 2395 1199 2440 mores
1219 2377 1280 2441 for·

128 2483 262 2547 mandes
287 2482 562 2565 emendandosque
585 2483 743 2565 pertinent
760 2488 916 2562 uersatur,
935 2482 968 2546 id
990 2482 1074 2564 quod
1092 2482 1279 2547 Ambrosius

129 2590 199 2671 ipse
227 2589 301 2653 libri
328 2590 459 2654 alterius
483 2589 575 2655 initio
599 2590 649 2653 his
672 2591 780 2654 uerbis
805 2589 992 2654 declarauit:
1026 2590 1187 2652 ‘moralem
1212 2589 1280 2670 qui-

40 2733 42 2736 >
129 2696 201 2760 dem
223 2697 333 2760 locum
355 2697 515 2777 persecuti
539 2716 651 2761 sumus
675 2717 738 2778 qua
760 2697 924 2780 potuimus
948 2697 1132 2761 intellectus
1158 2697 1279 2778 simpli-

129 2803 237 2883 citate,
263 2805 300 2865 ut
328 2804 382 2884 qui
409 2804 522 2887 legunt
544 2823 669 2868 morum
694 2804 756 2885 sibi
778 2803 904 2884 possint
927 2804 1050 2867 haurire
1074 2803 1276 2886 magisteria',

121 2911 209 2973 alter
233 2912 339 2973 autem
362 2909 442 2973 liber
463 2909 599 2992 ‘mystica
618 2929 681 2992 qua
700 2911 835 2991 scriptor
853 2930 932 2974 usus
952 2914 1002 2974 est
1019 2910 1277 2994 interpretatione

128 3034 227 3098 caque
247 3015 331 3080 haud
349 3036 418 3080 raro
439 3017 574 3082 obscura
592 3017 735 3082 homines
756 3017 825 3081 eius
845 3018 957 3082 aetatis
977 3017 1151 3100 repellebat
1169 3019 1276 3100 potius

51 3141 52 3144 ¹
125 3140 222 3202 quam
247 3121 426 3187 adliciebat.
452 3141 514 3205 qua
536 3143 569 3187 re
588 3124 709 3188 factum
729 3128 779 3188 est
798 3127 834 3187 ut
853 3124 965 3208 exiguo
986 3128 1111 3188 tantum
1131 3123 1276 3188 codicum

125 3248 258 3292 numero
292 3229 388 3294 huius
422 3230 495 3293 libri
527 3231 680 3295 memoria
712 3234 838 3295 seruata
872 3232 924 3295 sit.
963 3250 999 3294 ac
1027 3231 1117 3294 nobis
1152 3231 1275 3313 generis

123 3333 239 3416 prioris
262 3333 346 3398 idem
371 3353 451 3416 quos
474 3335 506 3398 in
530 3337 684 3416 opusculo
708 3336 746 3399 de
764 3335 833 3400 Noe
858 3335 1051 3399 emendando
1072 3335 1273 3400 adhibuimus

170 3567 191 3635 ¹)
210 3568 330 3622 Macrini
349 3570 403 3623 nol.
423 3569 437 3622 I
456 3587 481 3639 p.
502 3571 555 3623 244
574 3587 602 3623 se
622 3573 751 3638 quattuor
768 3571 796 3623 in
816 3571 912 3638 quibus
931 3573 1065 3624 tractatus
1085 3571 1118 3625 de
1133 3571 1191 3625 Noe
1209 3572 1272 3626 inde

122 3675 140 3711 a
159 3658 279 3711 sectione
297 3659 333 3712 44
352 3658 510 3712 ordiebatur
528 3658 666 3713 codicibus
680 3676 743 3712 usos
759 3676 816 3712 esse
832 3659 934 3722 dicunt,
950 3659 1106 3714 Colbertino
1120 3661 1271 3714 Manarineo

122 3745 298 3812 [fornacensi
317 3746 435 3816 denique
457 3747 652 3812 Ualliclarensi,
673 3765 751 3816 quern
771 3748 890 3801 eiusdem
910 3751 992 3817 atquc
1008 3747 1192 3802 Oolbertinum
1212 3766 1270 3802 sae·

121 3834 177 3887 culi
195 3834 280 3888 fuisse
298 3835 428 3889 referunt.
449 3836 568 3890 aeduae
588 3853 654 3906 quas
674 3855 704 3890 ex
723 3837 913 3891 Ualliclerensi
937 3841 1118 3890 enotanerunt
1140 3839 1270 3893 lectiones

120 3922 158 3976 ad
176 3923 311 3977 sectiones
330 3926 365 3979 45
386 3929 414 3978 et
432 3925 466 3980 95
486 3926 632 3994 pertinent.
648 3926 695 3979 sed
710 3926 806 3979 mirum
821 3944 885 3979 sane
901 3931 943 3979 est
958 3943 1003 3980 eos
1017 3926 1116 3979 librum
1135 3928 1175 3989 T‘,
1191 3944 1269 3994 quem

119 4012 281 4066 monasterii
304 4016 413 4067 sanctae
439 4014 540 4067 Mariae
566 4013 598 4067 de
623 4015 695 4068 clara
714 4016 785 4068 ualle
804 4016 888 4068 fuisse
909 4015 1130 4084 supradiximus,
1151 4018 1268 4068 autnon

118 4101 230 4154 nouisse
249 4103 297 4154 aut
317 4102 475 4170 neglexisse.

167 4186 188 4255 ²)
209 4189 339 4243 simillimi
366 4192 429 4243 sunt
455 4189 542 4244 codici
561 4190 599 4255 T‘,
619 4191 667 4244 sed
693 4192 766 4261 prior
788 4196 896 4245 tanturn
920 4192 952 4245 de
976 4192 1113 4246 Abraham
1136 4191 1205 4244 liber
1229 4192 1267 4244 eis

118 4279 282 4332 continetur.

1201 4385 1229 4438 θ*
