2858 4824
566 351 784 405 Praefatio.
1094 352 1250 415 XXVIIII

100 547 241 611 uindicet
264 550 301 611 31
323 546 437 629 possit,
457 565 508 609 me
532 545 653 609 nescire
676 545 813 630 ingenue
831 545 940 610 131331.
964 563 1036 608 nam
1056 564 1248 627 quamquam

100 653 230 718 tertium
250 656 282 717 et
301 657 447 735 quartum
463 655 667 734 praeceptum
686 652 821 734 quodam
840 651 933 716 modo
955 651 1156 716 consentiunt
1175 669 1248 713 cum

101 761 145 824 eis
171 779 251 843 quae
276 761 359 842 apud
379 757 654 824 81313331311131.
675 760 722 823 llI
742 761 819 838 133
839 760 868 845 (l
888 761 952 823 172
970 779 987 837 γ
1006 756 1065 842 Η.)
1085 758 1245 840 leguntur,

98 867 283 950 praesertim
323 867 350 931 si
386 865 590 930 Ambrosium
628 861 825 928 ἀπαλλάσσου
867 865 986 949 legisse
1029 864 1246 946 suspiceris,1)

98 983 204 1038 tamen
238 973 485 1038 conformatione
517 971 684 1046 rhetorica,
719 991 799 1053 quae
836 972 971 1056 figuram
1007 972 1156 1055 crepuere
1193 971 1246 1035 uel

99 1099 249 1145 ascensus
283 1079 432 1155 ostendit,
469 1099 541 1142 eum
579 1077 640 1141 alio
677 1078 765 1142 13313
803 1097 895 1142 33331
936 1098 1005 1143 3333
1039 1078 1245 1142 demonstrari

97 1187 234 1252 uidetur.
259 1185 413 1269 Odyssiae
437 1204 567 1250 uersum
592 1185 667 1262 623,
693 1186 731 1247 21
759 1204 776 1248 a
799 1184 931 1249 Philone
956 1177 1084 1264 Quaest.
1109 1185 1139 1248 in
1166 1183 1244 1250 Gen.

96 1295 144 1358 HI
170 1294 210 1357 16
239 1296 405 1356 3111133133
434 1298 492 1357 331.
531 1291 665 1376 Uergilii
692 1292 931 1359 hemistichium
955 1294 1114 1378 integrum
1136 1293 1243 1358 uerbis

98 1400 153 1464 ‘ait
177 1399 317 1482 quidam’
340 1400 471 1463 adlectis
496 1398 613 1462 adtulit
637 1400 712 1477 561,
737 1401 767 1474 8,
793 1401 928 1482 denique
952 1403 1073 1483 septem
1097 1399 1176 1464 locis
1208 1420 1244 1463 ex

98 1526 133 1571 eo
159 1506 311 1571 orationis
336 1509 552 1570 ornamentum
577 1507 780 1590 quaesiuit.²)

140 1614 255 1678 Restat
282 1617 319 1678 ut
348 1613 458 1678 eodem
481 1612 574 1677 modo
598 1613 630 1676 in
658 1613 755 1677 libros
785 1614 829 1678 de
857 1615 972 1678 Isaac
1001 1616 1039 1677 et
1067 1614 1111 1677 de
1139 1613 1241 1678 bono

95 1719 239 1783 mortis
263 1719 460 1800 inquiramus
485 1737 601 1802 magna
623 1719 703 1784 inter
728 1739 761 1784 se
785 1719 1017 1784 necessitudine
1041 1720 1240 1794 coniunctos;

96 1846 169 1890 nam
196 1825 277 1889 liber
306 1825 343 1888 de
373 1826 455 1890 bono
480 1825 592 1889 mortis
615 1829 778 1908 tamquam
804 1828 903 1890 altera
925 1845 997 1909 pars
1022 1829 1072 1890 est
1095 1827 1241 1910 opusculi

97 1933 133 1997 de
164 1934 266 1997 Isaac.
307 1936 339 1996 et
369 1932 507 2014 primum
542 1933 579 1996 de
607 1933 812 2015 inscriptione
840 1933 937 1998 huius
965 1934 1056 1998 nobis
1085 1934 1241 2017 agendum

97 2042 155 2103 est.
188 2039 305 2102 etenim
338 2038 539 2121 Augustinus
573 2041 681 2102 contra
708 2039 768 2102 Iul.
798 2039 904 2122 Pelag.
933 2040 1003 2117 18,
1028 2039 1070 2102 44
1099 2040 1239 2115 31115,

97 2145 181 2232 12,3)
207 2145 321 2226 quibus
345 2144 425 2210 13313
450 2145 518 2209 3133
538 2146 729 2210 mentionem
748 2146 835 2223 13311,
854 2146 923 2210 1333
943 2146 1045 2229 311313
1064 2145 1113 2209 his
1133 2146 1239 2210 uerbis

95 2273 172 2319 usus
206 2255 269 2317 est:
303 2253 344 2315 ‘in
377 2271 413 2316 eo
446 2252 537 2329 libro,
571 2272 664 2334 quem
697 2252 734 2316 de
767 2253 856 2317 Isaac
890 2256 922 2316 et
954 2253 1058 2316 anima
1091 2252 1238 2334 scripsit,

95 2362 192 2425 altero
225 2357 291 2422 his:
325 2359 365 2421 ‘in
393 2358 473 2422 libro
505 2359 541 2423 de
565 2360 654 2422 Isaac
679 2362 711 2422 31
734 2359 859 2423 anima'.
897 2379 1033 2441 quocum
1059 2359 1241 2443 3333311331

95 2467 219 2531 33111333
250 2465 411 2547 permulti,
443 2465 475 2528 in
510 2465 625 2547 quibus
658 2466 837 2530 Parisiacus
872 2468 957 2531 1913
996 2467 1116 2531 3333311
1147 2467 1239 2530 VIIII

93 2573 229 2654 primum
262 2573 369 2637 locum
404 2573 535 2637 obtinet.
571 2573 625 2636 sed
653 2573 997 2655 Audomaropolitanus
1027 2575 1079 2652 72,
1106 2574 1160 2656 qui
1185 2574 1239 2636 ali-

95 2683 209 2761 quanto
230 2679 388 2760 antiquior
403 2679 563 2744 Parisiaco
584 2682 642 2756 331,
662 2680 741 2744 hano
760 2680 999 2763 inscriptionem
1017 2682 1169 2744 testatur:
1189 2680 1238 2743 ‘de

92 2787 181 2850 Isaac
209 2786 263 2850 uel
291 2785 448 2872 33111131).
475 2806 580 2869 quam,
610 2805 682 2850 cum
710 2787 762 2851 1113
790 2788 918 2851 maioris
948 2788 1109 2869 aliquanto
1144 2806 1237 2868 quam

92 2894 187 2970 frater
215 2895 283 2958 eius
313 2894 457 2977 geminus
486 2893 664 2957 Parisiacus
694 2894 892 2958 auctoritatis
923 2895 975 2973 sit,
1003 2892 1236 2975 praeferendam

94 3021 162 3066 3333
195 3006 285 3084 puto.
324 3021 515 3083 quamquam
547 3021 598 3065 me
631 3020 692 3064 non
725 3001 810 3085 fugIt
836 3000 905 3065 3311
935 3001 1134 3066 simillimum
1167 3019 1237 3063 esse

92 3108 175 3173 huno
197 3107 342 3172 libellum
365 3107 513 3190 primitus
539 3107 725 3189 simpliciter
743 3107 792 3171 ‘de
810 3108 910 3171 Isaac'
927 3108 1116 3190 inscriptum
1136 3106 1236 3171 fuisse

92 3234 126 3279 33
150 3215 262 3279 deinde
287 3215 326 3278 ad
349 3219 572 3296 argumentum
597 3215 664 3278 eius
690 3213 922 3298 designandum
947 3216 1077 3278 alteram
1104 3212 1237 3293 inscrip-

90 3322 207 3386 tionem
232 3322 296 3385 ‘uel
319 3320 432 3384 anima‘
456 3321 525 3384 siue
549 3325 592 3385 ‘et
616 3321 730 3384 anima'
754 3320 938 3384 accessisse.
977 3319 1067 3383 uides
1098 3338 1158 3383 non
1184 3318 1234 3382 ab·

92 3427 227 3492 similem
253 3446 322 3492 esse
346 3447 412 3491 rem
437 3426 466 3490 ei
490 3448 583 3509 quam
609 3447 713 3510 supra,
733 3428 789 3491 ubi
812 3426 954 3490 libellum
977 3427 1014 3490 de
1032 3426 1101 3490 Noe
1120 3429 1235 3489 tracta-

134 3635 156 3706 1)
174 3635 315 3688 313113113
333 3634 490 3688 Ambrosius
511 3634 802 3689 113113333383113133
821 3636 1016 3704 1313131313133
1036 3638 1085 3688 est.

134 3723 156 3793 2)
175 3723 208 3776 31.
228 3725 290 3788 567,
310 3723 339 3788 8;
359 3722 422 3790 580,
440 3725 468 3788 5;
489 3722 551 3788 582,
571 3724 599 3786 7;
620 3724 681 3787 619,
701 3725 729 3788 3;
750 3725 811 3784 632.
831 3724 878 3788 20;
898 3724 959 3786 635,
978 3726 1008 3788 4;
1029 3725 1088 3787 631,
1109 3727 1133 3778 5.

133 3811 155 3882 ³)
174 3815 282 3881 praeter
300 3812 349 3865 hos
368 3813 441 3865 locos
461 3812 484 3864 is
502 3811 572 3864 liber
589 3811 716 3865 laudatur
735 3813 768 3865 ab
788 3812 942 3881 Augustino
962 3816 1054 3866 333113
1073 3811 1125 3869 lul.
1139 3814 1232 3882 Pelag.

89 3899 131 3955 ΙΙΙ
151 3901 192 3962 14,
213 3901 246 3954 28
267 3902 295 3953 31
314 3904 408 3954 333113
426 3917 478 3954 333.
497 3899 547 3954 Iul.
567 3917 634 3968 resp.
655 3901 712 3954 llll
732 3902 791 3958 109.

132 3987 153 4058 ⁴)
171 3989 200 4042 in
219 3988 494 4058 Δ131131331333111333
520 4005 583 4042 3333
606 3990 673 4043 11333
695 3991 847 4060 1333113113,
866 4009 927 4045 3313
946 3992 1041 4045 folium
1059 3993 1184 4060 31113313,
1203 3992 1230 4043 13

90 4095 140 4148 quo
161 4079 219 4132 sine
239 4078 321 4132 dnbio
341 4079 438 4132 1113133
458 4095 539 4132 13333
558 4079 645 4148 311313
664 4080 779 4150 33113133
799 4085 866 4148 3131,
881 4081 1032 4143 excidisset,
1046 4098 1127 4133 manu
1147 4080 1232 4132 altera

89 4168 194 4221 adiecta
217 4170 266 4232 331,
286 4168 333 4221 sed
356 4169 384 4221 in
408 4168 622 4239 subscriptione,
635 4185 703 4238 quae
723 4186 837 4223 3111333
861 4171 946 4239 prima
968 4169 1090 4238 profecta
1109 4172 1159 4234 est,
1177 4169 1231 4221 ‘nel

90 4255 121 4310 de
141 4257 238 4310 anima'
257 4256 366 4326 legitur.
