2858 4824
551 318 771 372 Praefatio.
1129 319 1237 384 XXIII

89 512 169 577 libro
194 512 231 577 da
255 513 401 594 paradiso
425 513 510 577 haud
534 533 636 596 pauca
660 533 695 578 11
718 513 851 577 Philone
876 512 1082 596 deprompsit,
1105 512 1137 576 in
1166 514 1235 591 hoo,

90 638 151 700 quo
175 619 268 685 illum
292 623 398 701 aperte
418 619 577 704 significat
596 621 685 703 (367,
706 618 780 706 3),¹)
799 619 845 682 ita
865 618 933 683 eius
952 619 1070 700 pressit
1088 617 1236 702 uestigia,

90 727 126 789 ut
153 745 328 809 numquam
355 726 419 791 fere
443 728 481 791 ab
506 746 542 792 eo
567 726 754 791 discederet.
793 745 828 790 ac
852 745 885 790 re
909 744 985 790 uera
1009 744 1088 808 quae
1112 724 1237 788 Tullius

90 833 129 897 ad
151 832 297 897 Atticum
321 832 396 918 (XII
416 835 469 913 52,
490 834 523 920 3)
543 833 673 917 scripsit
691 833 729 896 de
748 831 839 896 libris
860 831 926 896 suis
946 831 985 895 ad
1003 830 1238 914 philosophiam

90 928 318 1022 spectantibus,
339 960 418 1022 quos
441 943 508 1005 tarn
531 941 621 1005 breui
645 939 798 1023 temporis
823 939 926 1022 spatio
952 938 1105 1022 confecitr
1124 938 1236 1002 ‘dicesz

91 1046 145 1129 qui
177 1047 254 1111 talia
286 1047 481 1112 conscribis?
520 1043 683 1134 ἀπόγραφα
720 1049 809 1110 sunt:
847 1046 967 1112 minore
999 1045 1105 1110 labore
1142 1044 1236 1120 fiunt;

90 1154 187 1217 uerba
219 1157 343 1219 tantum
376 1154 503 1232 adfero’,
538 1173 574 1218 ea
607 1154 646 1216 de
679 1153 739 1218 hoc
771 1153 906 1236 aliisque
941 1152 1032 1218 libris
1070 1153 1137 1216 suis
1169 1152 1237 1216 iure

91 1260 194 1324 dicere
217 1261 324 1342 potuit
345 1261 546 1327 Ambrosius.
586 1260 758 1325 sententias
786 1263 952 1324 mutuatus
982 1262 1031 1325 est
1054 1279 1072 1324 a
1093 1258 1237 1335 Philone,

91 1367 187 1431 uerba
210 1368 248 1431 de
272 1387 329 1432 suo
354 1368 488 1433 addidit.
511 1386 747 1449 nonnumquam
773 1386 846 1431 saue
870 1366 1083 1450 digressiones
1104 1365 1239 1429 intexuit

90 1473 243 1538 librorum
272 1475 451 1540 diuinorum
479 1475 558 1540 locis
586 1477 722 1554 ornatas,
746 1473 924 1557 praeceptis
947 1472 1121 1536 moralibus
1145 1472 1238 1535 refer-

90 1582 150 1659 tas,
180 1581 296 1663 quibus
324 1582 420 1646 rebus
448 1581 622 1646 sacerdotis
649 1580 724 1644 boni
753 1579 894 1644 officium
921 1578 1057 1643 fideliter
1089 1577 1237 1662 expleuit,

92 1689 195 1751 cetera
219 1688 323 1752 omnia
344 1688 472 1752 Philoni
496 1688 659 1752 debentur.
683 1691 778 1770 atque
802 1686 834 1750 in
855 1685 958 1768 priore
976 1684 1072 1749 huius
1093 1683 1239 1766 opusculi

90 1797 177 1875 parte
202 1793 232 1874 (I
256 1796 287 1857 11
309 1795 341 1858 H
364 1813 391 1858 1.
418 1794 517 1875 1-6)
541 1794 727 1878 plerumque
752 1793 921 1875 diligenter
944 1795 1074 1856 secutus
1098 1794 1148 1856 est
1165 1791 1238 1856 Phi-

90 1899 171 1964 lonis
197 1899 235 1963 dc
260 1900 422 2003 sacrificiis
440 1902 522 1965 Abel
546 1905 577 1965 11
601 1901 677 1967 Cain
700 1898 1240 1986 111112)11111111111111111111

91 2024 193 2086 usque
222 2006 260 2070 ad
290 2007 576 2090 quadragesimam,
600 2007 645 2072 ita
672 2010 778 2071 tamen
807 2010 845 2070 ut
871 2026 933 2071 non
957 2025 1082 2088 semper
1105 2005 1238 2072 eundem
1331 2078 1348 2097 ..

90 2111 122 2175 in
152 2112 342 2195 disputando
372 2114 513 2178 ordinem
545 2118 695 2181 seruaret.
720 2117 882 2197 praeterea
905 2113 1051 2178 adhibuit
1074 2112 1239 2194 Quaestio-

92 2237 167 2283 num
195 2219 227 2283 in
257 2218 406 2285 Genesim
434 2222 507 2286 libri
535 2222 629 2302 primi
658 2221 761 2304 capita
789 2221 932 2285 58-64.
970 2220 1001 2284 in
1030 2222 1128 2284 altera
1150 2221 1238 2301 parto

90 2327 228 2409 respexit
251 2327 392 2392 eiusdem
415 2329 488 2393 libri
513 2329 618 2411 capita
638 2329 767 2394 65-76
789 2331 821 2392 11
838 2329 927 2393 locos
952 2328 1073 2409 aliquot
1092 2325 1236 2408 opusculi

92 2433 175 2514 quod
198 2433 397 2499 inscribitur:
421 2437 487 2518 περὶ
516 2444 568 2498 τοῦ
591 2435 624 2496 ci
647 2434 749 2520 χεῖρον
773 2443 813 2518 τῷ
837 2438 979 2518 κρείττονι
1007 2431 1237 2515 1111111111ῑῆ)

91 2541 198 2603 utrum
223 2532 330 2604 aut'ern
355 2543 430 2619 339,
457 2543 497 2607 10
520 2541 689 2606 Ambrosio
714 2542 787 2607 libri
805 2541 985 2607 Philoniani
1009 2541 1047 2606 dc
1067 2540 1238 2606 Cherubim

92 2648 170 2711 sect.
199 2647 241 2710 35
276 2668 313 2711 au
348 2645 478 2725 Quaest.
505 2649 538 2712 in
567 2647 645 2713 Gen.
668 2649 690 2714 l.
715 2651 730 2713 Ι
754 2669 780 2714 c.
806 2651 848 2713 58
879 2651 949 2713 ante
979 2646 1088 2712 oculos
1112 2649 1239 2710 uersata

92 2753 165 2830 sint,
199 2772 272 2818 cum
304 2758 439 2839 utroque
471 2756 542 2821 loco
576 2755 685 2821 eadem
722 2756 950 2830 contineantur,
984 2754 1037 2818 uix
1074 2752 1240 2816 diiudicari

92 2859 243 2946 potesta)
276 2861 419 2926 Philonis
452 2864 540 2928 locos
572 2863 663 2927 libris
693 2862 761 2926 eius
791 2854 868 2926 cum'
891 2860 1000 2925 libello
1028 2858 1237 2924 Ambrosiauo

93 2966 261 3050 diligenter
292 2969 417 3032 collatis
451 2969 599 3034 adnotaui
631 2969 663 3032 in
698 2967 934 3044 commentario,
968 2986 1030 3049 qua
1062 2967 1093 3029 in
1125 2983 1158 3029 rc
1192 2963 1237 3027 eis

92 3093 170 3139 usus
205 3093 276 3137 sum
306 3094 385 3157 quae
410 3075 444 3141 d.
470 3076 626 3160 Siegfried
654 3075 727 3139 libri
755 3074 809 3157 qui
837 3073 1022 3138 inscribitur
1049 3072 1150 3137 ‘Philo
1179 3090 1238 3135 von

138 3261 159 3332 ¹)
178 3262 305 3331 designat
326 3265 449 3319 Philonis
472 3265 556 3320 uerba
579 3265 612 3319 de
636 3283 701 3323 sacr.
727 3265 759 3319 18
785 3265 809 3331 (Ι
833 3265 892 3327 115,
919 3263 952 3317 18
970 3263 1028 3329 Μ.;
1046 3262 1061 3316 Ι
1079 3262 1175 3326 229,2
1199 3260 1239 3330 0.)

93 3350 107 3402 1
126 3349 205 3423 λόγος
224 3349 299 3422 ἔργον
318 3347 352 3423 ἢν
372 3351 459 3407 αὐτοῦ.

137 3438 159 3510 ²)
177 3441 320 3510 pristinam
345 3442 425 3494 huius
449 3442 513 3496 libri
538 3442 651 3496 formam
676 3443 735 3512 ipso
754 3442 896 3495 Ambrosio
921 3443 950 3494 11
972 3440 1099 3509 Mangcio
1125 3437 1238 3493 ducibus

92 3529 215 3583 restituit
232 3530 263 3583 P.
282 3529 436 3584 Wandlaud
455 3531 526 3598 (Neu
546 3531 689 3585 entdeoktc
713 3533 876 3600 Fragmcute
895 3529 999 3584 Philos.
1017 3526 1140 3582 Barolini
1161 3527 1238 3588 1891,

92 3635 117 3686 p.
138 3620 199 3680 125,
223 3622 304 3688 sqq.).
329 3620 464 3673 sectiones
488 3620 558 3672 enim
581 3620 653 3685 libri,
679 3619 725 3690 qui
748 3619 831 3687 uulgo
855 3619 884 3672 in
908 3617 1074 3672 editionibus
1097 3615 1182 3670 fertur
1201 3615 1240 3668 sic

92 3707 238 3778 inscriptus
265 3707 307 3760 ‘de
332 3708 454 3762 mercede
480 3709 622 3761 meritricis
648 3725 701 3761 nou
729 3707 886 3778 accipienda
909 3707 938 3760 iu
964 3705 1119 3759 sacrarium*
1143 3703 1172 3757 Il
1196 3701 1240 3756 ΙΙΙ

92 3797 150 3850 1111
174 3797 333 3850 inserendae
359 3801 423 3851 sunt
447 3798 562 3851 sectioni
579 3797 603 3850 V
621 3797 685 3850 libri
710 3797 743 3850 de
770 3796 908 3851 sacrificiis
934 3795 1002 3852 Cain
1028 3797 1057 3848 11
1081 3791 1151 3847 Abel
1176 3794 1239 3845 ante

92 3886 243 3956 1111111τῆς
262 3887 308 3955 μὲν
328 3878 372 3936 οὖν
391 3883 562 3954 περικαλλοῦς
580 3885 714 3955 simulque
738 3884 853 3938 delenda
875 3885 958 3938 uerba
978 3882 1022 3936 obe
1040 3883 1090 3954 γὰρ
1108 3881 1238 3952 ἡμῶν...

94 3971 191 4044 ταύτης
210 3971 277 4026 ἐστὶν
297 3971 376 4044 ἀρετή
396 3974 475 4026 initio
495 3973 624 4028 sectionis
643 3974 764 4040 alterius,
784 3991 852 4042 quae
871 3974 900 4026 iu
914 3977 979 4026 sect,
993 3972 1018 4024 V
1031 3970 1095 4024 libri
1110 3969 1142 4022 de
1158 3968 1239 4021 sacri·

93 4060 161 4114 ficiis
180 4064 327 4115 recurrunt.

139 4150 160 4215 ³)
179 4151 242 4214 401,
263 4151 307 4213 10;
328 4151 389 4215 402,
409 4156 438 4216 5;
458 4152 519 4216 405,
539 4153 555 4205 5
576 4154 603 4204 11
623 4153 651 4214 7;
670 4151 732 4215 406,
753 4152 781 4215 6;
801 4151 862 4215 408,
883 4153 907 4206 3.

138 4239 160 4306 ⁴)
180 4239 214 4294 cf.
233 4239 386 4294 chdland
405 4259 430 4311 p.
452 4240 502 4294 128
522 4239 582 4293 adn.
603 4241 627 4293 1.
