2858 4824
96 361 128 425 Π
559 357 778 411 Praelatio.

98 574 170 619 eum
202 555 366 636 paulolum
400 554 617 630 conticuisset,
651 555 766 617 iterum
801 573 977 618 sermonem
1011 555 1144 620 adorsus
1177 557 1242 619 ait’.

97 662 179 725 uude
213 662 309 725 simul
347 660 510 744 colligitur
543 661 689 725 editionis
727 661 823 725 huius
862 663 965 742 operis
1003 663 1242 726 fundamentum

97 769 197 832 fuisse
222 769 381 850 exemplar
404 787 421 831 a
445 768 577 841 notario,
602 767 656 849 qui
680 769 812 832 recitata
836 769 952 832 cursim
980 788 1036 850 per
1059 770 1245 852 compendia

98 877 271 955 exceperat,
306 874 495 938 consectum.
529 893 565 936 ac
597 874 743 952 fortasse,
777 893 850 938 cum
884 875 935 937 nio
967 895 1037 939 mos
1072 895 1107 938 ea
1140 880 1243 939 aetate

97 981 240 1063 uiguisse
278 980 432 1054 uideatur,
467 980 546 1044 aliae
585 1000 709 1062 quoque
742 980 901 1045 Ambrosii
939 982 1094 1046 orationes
1133 983 1244 1046 eodem

97 1089 191 1151 modo
215 1088 331 1150 litteris
356 1087 560 1171 consignatae
585 1091 669 1152 sunt.
696 1088 886 1152 describitur
913 1093 1019 1152 autem
1045 1090 1243 1152 sermonibus

97 1195 168 1257 let
191 1193 222 1256 ll
247 1193 313 1257 dies
339 1194 507 1257 creationis
535 1193 645 1256 mundi
679 1195 812 1276 primus,
841 1195 1039 1258 sermonibus
1067 1194 1131 1258 llll
1161 1200 1193 1258 et
1215 1196 1244 1258 V

96 1301 220 1377 tertius,
250 1300 447 1363 sermonibus
477 1300 537 1362 Vll
566 1304 597 1363 et
626 1300 699 1362 Vlll
730 1300 872 1381 quintus,
902 1301 1100 1365 sermonibus
1128 1302 1176 1364 111
1200 1301 1243 1366 VI

96 1406 190 1469 Vllll
213 1406 280 1469 dies
314 1407 392 1470 alter
416 1408 697 1488 quartus'sextus.
728 1425 822 1487 quam
847 1407 885 1470 ob
916 1426 982 1469 rem
1007 1409 1244 1472 sermonibusI

98 1518 130 1576 et
151 1514 193 1590 Il,
217 1514 281 1577 1111
305 1525 336 1577 et
359 1513 397 1590 V,
427 1513 487 1576 Vll
517 1516 548 1576 et
576 1513 653 1576 Vlll
681 1514 763 1576 inter
792 1533 826 1577 se
856 1514 1032 1577 coniunctis
1062 1534 1114 1577 sex
1143 1516 1243 1579 totius

98 1621 200 1701 operis
225 1621 382 1684 sectiones
406 1621 535 1684 effectae
560 1624 633 1683 sunt
655 1620 815 1683 indicibus
834 1621 954 1684 talibus
975 1622 1078 1702 qualis
1099 1624 1147 1685 est
1164 1623 1243 1686 ‘dies

97 1728 229 1808 primns‘
261 1727 447 1790 instructae.
481 1727 537 1791 lras
571 1727 670 1810 igitur
708 1728 863 1791 sectiones
900 1728 963 1790 iam
998 1727 1205 1792 Cassiodorus
1219 1729 1243 1813 ¹)

96 1833 249 1898 librorum
274 1834 399 1897 nomine
424 1833 627 1916 significauit,
647 1835 677 1897 in
699 1833 861 1897 codicibus
882 1839 987 1897 autern
1012 1835 1243 1915 antiquioribus

98 1959 222 2020 semper
246 1959 282 2003 ea
306 1959 399 2020 quam
425 1939 561 2003 diximus
585 1939 698 2003 indicis
723 1940 822 2003 forma
849 1939 978 2022 legitur,
1002 1940 1057 2002 illa
1081 1959 1157 2003 uero
1183 1960 1245 2021 qua

96 2046 170 2109 libri
194 2045 373 2109 indicantur
396 2045 427 2108 in
452 2045 614 2110 codicibus
640 2045 766 2108 demum
784 2047 909 2110 saeculo
930 2045 1095 2109 undecimo
1116 2047 1244 2129 scriptis

96 2153 261 2236 reperitur.
295 2172 366 2217 oum
400 2154 551 2216 Eranxero
585 2153 722 2233 quodam
753 2153 847 2217 modo
882 2154 1063 2234 conspirant
1095 2154 1166 2216 libri
1206 2154 1244 2217 de

97 2262 179 2322 bono
209 2260 331 2336 mortis,
357 2260 394 2322 de
424 2259 500 2341 suga
528 2260 657 2336 saeculi,
683 2259 720 2322 de
749 2260 896 2341 apologia
918 2259 1038 2335 Dauid,
1066 2261 1097 2322 in
1128 2260 1243 2341 quibus

98 2370 182 2430 certe
212 2366 333 2430 ultimis
362 2367 436 2429 talis
467 2367 553 2447 quali
583 2385 742 2430 sermones
772 2366 877 2429 claudi
906 2366 1050 2430 solebant
1078 2366 1245 2448 doxologia

99 2475 192 2537 extat.
219 2473 296 2536 adde
321 2473 405 2554 quod
429 2473 460 2535 in
486 2473 639 2554 opusculo
665 2473 702 2536 de
725 2473 979 2555 interpellatione
1002 2473 1058 2536 lob
1084 2477 1116 2536 et
1139 2474 1244 2537 Dauid

98 2584 130 2642 et
154 2580 233 2642 alter
257 2581 289 2642 et
312 2583 443 2659 quartus
468 2597 569 2642 sermo
583 2578 608 2664 ²)
633 2579 789 2642 eiusmodi
810 2579 956 2642 sollemni
975 2580 1153 2660 precatione
1173 2599 1245 2644 con·

98 2686 278 2749 cluduntur.
295 2685 326 2747 in
343 2686 455 2748 ceteris
472 2690 578 2748 autem
596 2704 675 2767 quos
691 2685 829 2767 primum
846 2689 877 2748 et
892 2687 1026 2748 altorum
1042 2686 1137 2749 huius
1155 2688 1244 2751 editi-

98 2793 166 2856 onis
186 2794 334 2857 uolumen
351 2792 573 2874 complectitur
586 2792 676 2856 libris
692 2792 779 2855 nullo
795 2792 865 2855 loco
886 2792 1101 2855 clausularum
1117 2793 1244 2858 illarum

96 2899 270 2982 uestigium
294 2899 437 2961 relietum
460 2901 518 2962 est.
539 2918 634 2980 quarn
654 2899 692 2962 ob
712 2917 778 2961 rem
797 2898 836 2961 ad
855 2899 933 2961 hauc
954 2900 1172 2979 quaestionem
1196 2920 1244 2964 ex-

97 3005 276 3088 plicandam
305 3005 377 3068 aliis
406 3005 495 3070 nobis
525 3005 679 3068 utendum
703 3007 752 3068 est
775 3005 980 3088 argumentis.
1006 3024 1041 3068 ac
1065 3005 1244 3068 rectissime

98 3111 234 3175 Maurini
257 3112 334 3193 (uol.
358 3112 374 3174 Ι
397 3132 427 3193 p.
453 3109 531 3196 281)
557 3113 737 3174 statuerunt
759 3111 912 3174 librorum
938 3111 975 3174 de
999 3113 1156 3176 Abrabam
1182 3114 1244 3194 pri-

91 3238 183 3283 orem
220 3239 255 3282 ex
288 3219 486 3282 sermonibus
520 3217 559 3281 ad
593 3218 847 3296 catechumenos,
882 3218 936 3298 qui
966 3218 1029 3281 iam
1062 3238 1176 3282 nomen
1205 3222 1244 3283 ad

97 3325 292 3408 baptismum
318 3324 479 3389 dedissent
505 3327 536 3387 ot
559 3326 774 3405 competentes
795 3327 912 3399 essent,
932 3325 1049 3388 habitis
1074 3326 1244 3389 conflatum

98 3451 179 3495 esso.
209 3450 271 3513 qua
300 3431 336 3493 de
364 3449 397 3492 re
427 3429 566 3493 conferas
597 3447 632 3491 ea
662 3447 741 3510 quae
765 3431 914 3512 leguntur
937 3431 1012 3504 540,
1043 3432 1084 3492 22
1113 3432 1177 3511 ‘qui
1206 3433 1245 3494 ad

98 3537 231 3620 gratiam
253 3536 455 3619 baptismatis
480 3535 620 3598 tenditis'
644 3554 716 3598 curn
741 3535 785 3599 eis
812 3555 891 3616 quae
916 3537 990 3613 560,
1016 3537 1034 3598 5
1061 3537 1246 3602 dictasunt

97 3647 187 3725 ‘quae
212 3646 250 3708 ad
275 3644 408 3729 gratiam
433 3643 551 3707 domini
575 3642 727 3707 tenditis’.
752 3644 834 3706 unde
863 3663 935 3706 cum
960 3662 1074 3725 magna
1101 3644 1243 3726 profecto

143 3905 163 3972 1)
182 3905 249 3958 Iust.
270 3903 353 3957 diuin.
372 3904 426 3956 litt.
447 3905 459 3957 1
482 3901 588 3956 ‘deinde
607 3906 715 3957 sanctus
733 3900 901 3966 Ambrosius,
924 3907 954 3956 ut
978 3907 1020 3957 cst
1042 3905 1138 3973 planus
1163 3908 1245 3974 atque

98 3993 273 4049 suauissimus
302 3993 403 4056 doctor,
431 3991 525 4045 exinde
552 4009 596 4045 sex
623 3992 707 4045 libros
734 3993 905 4060 eloquentiae
931 4010 994 4046 suae
1020 4010 1093 4045 more
1120 3994 1244 4058 confecit,

97 4100 165 4151 quos
184 4083 366 4135 Hexaemeron
385 4081 551 4150 appellauit.

142 4173 164 4238 ι1)
183 4172 206 4223 si
225 4171 289 4224 ordo
311 4170 481 4223 aParisiaco
503 4169 570 4222 1732
591 4170 791 4224 commendatus
811 4170 1017 4239 probatu1·:sed
1037 4171 1060 4223 si
1075 4171 1245 4225 Duaoenscm

96 4260 242 4329 sequimur,
262 4276 348 4312 sermo
368 4260 464 4312 tertius
485 4261 512 4312 et
532 4262 651 4327 quartus.
