2858 4824
555 327 775 380 Praefatio.
1146 329 1236 392 Vlssl

88 521 328 603 requiescamus
351 519 383 582 in
409 539 445 584 eo
470 520 507 583 ab
533 519 618 584 omni
640 519 736 584 istius
760 520 869 584 mundi
895 519 1119 595 sollicitudine,
1145 539 1237 601 quarn

90 627 222 692 cottidie
248 627 383 691 diuersis
405 626 670 710 exagitationibus
691 627 896 691 sustinemus.
921 627 1020 711 pudet
1038 626 1112 690 filiis
1133 646 1240 708 super·

90 732 210 811 uiuere,
234 733 350 811 taedet,
371 752 440 797 oum
461 735 511 798 tot
530 731 662 797 aduersa
682 733 847 798 audiamus
869 733 1113 811 carissimorum,
1132 733 1237 797 lucem
1312 736 1314 741 ’

91 839 172 903 hano
205 859 346 921 carpere:
378 840 520 922 ipsarum
554 840 759 904 eeclesiarum
794 840 937 904 diuersos
970 839 1087 904 fluctus
1120 841 1238 920 tempe-

90 949 253 1028 statesque
281 947 335 1011 uel
361 949 544 1031 praesentes
573 946 679 1011 subire
707 949 761 1012 uel
788 947 926 1029 recipere
950 946 1054 1011 auimo
1078 945 1148 1027 quis
1172 948 1238 1009 tam

90 1052 182 1117 fortis
203 1056 240 1116 ut
257 1053 415 1136 patienter
433 1054 544 1118 ferat‘?
564 1057 596 1118 et
618 1055 713 1135 paulo
737 1057 811 1137 post
834 1056 924 1136 (411,
950 1055 982 1136 8)
1006 1053 1084 1116 11666
1109 1052 1237 1116 adiecit:

89 1160 338 1241 ‘requiescamus
372 1162 467 1225 etiam
500 1162 538 1225 ab
572 1162 657 1226 omni
690 1181 766 1225 cura
801 1164 942 1225 terrenae
980 1159 1238 1234 conuersationis,

91 1286 172 1349 quae
201 1286 316 1350 corpus
346 1271 491 1331 nostrum
515 1271 609 1350 61666
633 1267 771 1331 animam
794 1268 1013 1350 frequentibus
1035 1270 1130 1331 uexat
1153 1267 1239 1330 dolo·

89 1374 178 1436 ribus
206 1374 372 1456 uitamque
401 1374 535 1438 adterit‘.
570 1377 654 1438 certe
682 1394 741 1439 non
772 1375 810 1439 de
837 1375 1043 1439 barbaromm
1065 1373 1238 1458 inuptione

90 1497 127 1543 66
159 1480 394 1561 prouinciarum
427 1481 550 1562 aliquot
581 1481 705 1562 imperii
734 1481 866 1546 Romani
900 1480 1129 1556 166661611666,
1159 1497 1238 1560 6666

89 1587 174 1651 16616
203 1590 252 1651 661
274 1587 408 1652 Ualente
436 1589 523 1652 uicto
553 1607 710 1671 quamque
739 1591 867 1653 secutae
896 1592 970 1652 sunt
996 1587 1179 1669 pestilentia
1202 1604 1238 1649 ac

90 1694 202 1772 166166,
235 1694 295 1759 hoc
326 1696 397 1760 loco
426 1696 629 1778 potissimum
659 1696 773 1779 agitur,
802 1695 834 1758 id
864 1695 948 1778 quod
976 1693 1112 1758 Maurini
1140 1695 1238 1756 statu-

89 1803 192 1880 erunt,
231 1802 288 1866 sed
322 1822 513 1885 quamquam
552 1804 707 1867 malorum
744 1803 872 1867 illorum
911 1801 1094 1866 memoriam
1133 1799 1237 1864 animo

88 1910 229 1990 repetere
261 1909 367 1989 potuit
399 1908 597 1987 Ambrosius,
631 1912 736 1974 tamen
771 1928 807 1972 ea
840 1928 919 1990 quae
957 1907 994 1971 de
1034 1906 1238 1971 ecclesiarum

89 2014 270 2078 turbatione
295 2019 350 2079 aut
371 2016 434 2080 iarn
459 2017 543 2080 facta
566 2020 620 2080 aut
644 2016 737 2080 modo
762 2015 947 2080 imminente
972 2014 1120 2078 dicuntur
1142 2032 1237 2094 quam

89 2121 225 2184 maxime
258 2123 422 2206 urguenda
455 2142 525 2188 6666
556 2123 713 2187 uidentur.
747 2123 855 2204 itaque
890 2141 962 2186 curn
994 2121 1075 2185 liber
1103 2119 1140 2184 16
1168 2119 1237 2184 Noe

90 2227 229 2310 scriptus
250 2229 293 2292 sit
317 2231 390 2309 post
412 2248 484 2292 66111
509 2249 571 2312 666
596 2230 633 2293 (16
655 2228 730 2294 Cain
755 2232 787 2293 et
805 2228 886 2293 Abel
910 2229 1016 2311 agitur
1033 2264 1076 2272 —
1097 2227 1237 2291 conferas

91 2351 171 2414 quaa
197 2333 234 2398 16
258 2334 417 2399 Abraham
442 2336 456 2399 1
484 2339 513 2410 1,
540 2338 556 2398 1
581 2337 746 2418 leguntur:
781 2335 938 2417 ‘quoniam
968 2333 1237 2416 perordinem

90 2439 186 2504 huius
212 2461 337 2523 quoque
361 2443 558 2526 patriarchae
579 2447 669 2526 gesta
688 2439 885 2506 considerare
905 2441 1045 2505 animum
1065 2440 1236 2516 subiit’—‚

90 2546 130 2608 ad
168 2567 265 2612 annos
303 2547 545 2614 CCCLXXXllI
582 2554 613 2613 et
651 2547 909 2614 CCCLXXXIHI
944 2566 1140 2624 reuocamur,
1183 2545 1238 2627 qui

90 2654 236 2719 maximis
265 2638 501 2721 calamitatibus
529 2656 672 2740 insignes
694 2656 833 2730 1661661,
859 2655 953 2719 66616
978 2653 1130 2731 Gratiani,
1154 2654 1236 2717 farne

91 2764 123 2824 et
140 2761 256 2843 inopia,
272 2763 388 2845 quibus
407 2765 501 2828 ltalia
520 2768 614 2847 atque
633 2763 791 2846 inprimis
810 2764 886 2827 urbs
906 2762 1087 2838 necabatur,
1103 2760 1236 2842 (1661666

91 2870 315 2949 controuersiis
340 2874 434 2952 atque
459 2871 715 2935 altercationibus
741 2890 775 2933 ex
799 2869 905 2951 prauis
924 2866 1234 2932 Priscilliauistarum

92 2974 293 3055 opinionibus
321 2977 414 3042 natis.
449 2981 544 3060 atque
572 2978 636 3041 iam
663 2977 850 3042 imminebat
873 2975 1025 3039 ecclesiae
1050 2974 1087 3037 ab
1112 2972 1236 3036 Arianis

90 3081 264 3160 1616616116,
298 3103 377 3166 6666
410 3104 481 3148 11161
514 3104 592 3149 6666
623 3083 848 3150 CCCLXXXV
875 3082 999 3146 1661166
1022 3079 1237 3146 1161661161661

90 3187 223 3253 16616116
246 3194 346 3256 matre
365 3191 537 3276 instigante
556 3192 588 3255 in
608 3191 831 3275 grauissimam
850 3189 1102 3273 persecutionem
1123 3186 1235 3267 erupit.

93 3314 154 3376 qua
189 3315 262 3360 cum
294 3317 327 3362 re
360 3299 509 3363 conuenit
542 3298 626 3380 quod
657 3298 774 3361 librum
808 3297 845 3360 de
877 3297 946 3361 Noe
980 3298 1050 3359 6616
1085 3312 1163 3377 6666
1198 3292 1235 3356 16

92 3402 205 3468 officiis
230 3404 445 3469 ministrorum
470 3405 625 3487 scriptum
649 3423 718 3468 6666
743 3404 967 3484 comprobatur
987 3403 1058 3465 loco
1083 3400 1120 3464 16
1145 3400 1196 3464 off.
1222 3401 1236 3462 1

94 3511 144 3585 18,
172 3511 223 3587 78,
249 3530 310 3594 666
335 3513 375 3575 61
397 3512 471 3575 libri
500 3511 537 3575 de
560 3512 628 3576 Noe
658 3511 829 3575 sectionem
859 3510 900 3572 24
930 3508 1122 3591 delegamur.
1156 3525 1236 3586 opus

92 3620 199 3680 autem
230 3617 311 3681 illud
344 3618 465 3683 editum
495 3638 564 3683 6666
592 3623 666 3700 6661
694 3637 810 3681 annum
840 3614 1078 3682 CCCLXXXVI
1111 3612 1235 3677 duobus

94 3724 160 3788 eius
184 3723 264 3789 locis
290 3724 469 3803 edocemur,
493 3723 510 3788 I
535 3725 585 3802 18,
612 3725 652 3788 72
678 3722 840 3798 611129,
867 3721 929 3783 150
954 3739 999 3801 sq.

134 3831 311 3913 Postquam
347 3831 384 3895 16
412 3831 481 3895 Noe
508 3830 643 3925 historia
671 3829 815 3910 exposuit
837 3826 1036 3900 Ambrosius,
1063 3825 1126 3889 iam
1155 3827 1236 3888 6616-

92 3955 197 4001 romm
225 3937 473 4020 patriarcharum
501 3956 552 4001 res
581 3940 688 4021 gestas
717 3935 797 4000 serie
831 3933 978 3999 continua
1010 3949 1150 3995 enarrare
1185 3929 1236 3994 ad·

93 4063 221 4126 gressus
251 4048 309 4109 661.
342 4045 426 4109 6616
453 4044 552 4108 libros
581 4044 619 4107 de
642 4042 800 4106 Abraham
828 4042 917 4104 Isaac
941 4039 1036 4103 Iacob
1058 4037 1173 4120 Ioseph
1199 4055 1234 4100 ao

94 4152 145 4232 qui
169 4154 218 4216 661
240 4152 271 4215 16
292 4171 380 4216 66616
398 4152 555 4233 scriptura
574 4149 682 4215 ordine
699 4149 782 4212 inter
801 4167 834 4213 se
854 4145 1013 4228 excepisse
1032 4143 1235 4208 manifestum

94 4261 150 4323 est.
183 4261 272 4341 patet
294 4262 402 4323 autem
424 4258 457 4322 id
480 4256 683 4340 potissimum
709 4255 770 4340 agi,
795 4258 832 4319 ut
855 4273 916 4336 quo
940 4255 1081 4333 tempore
1104 4249 1235 4313 libellus
