2858 4824
344 345 385 399 De
404 344 538 398 Abrabam
555 345 584 397 II
603 345 627 409 9,
646 344 689 397 64.
709 346 743 399 65
772 343 797 409 (Ι
815 344 866 398 341
886 344 1001 398 1)-342
1017 343 1058 412 C).
1211 346 1274 410 619

131 540 270 604 nutntur
293 543 325 604 et
347 541 379 603 in
404 539 581 618 discordiis,
605 540 711 604 iustus
734 539 765 603 in
790 543 953 605 senectute
980 541 1062 605 bona
1088 541 1182 605 uiuit.
1215 559 1276 604 non
1304 552 1326 606 F

132 647 211 711 dixit
233 647 358 730 ‘longa',
383 647 438 711 sed
462 647 573 727 bona,
599 647 673 730 quia
695 647 801 711 iustus
821 647 899 711 bene
919 649 1066 726 senescit,
1085 649 1277 712 iniustorum

79 822 84 829 ,
132 758 237 819 autem
266 773 368 832 nemo,
398 755 545 837 quamuis
579 754 681 818 cernis
714 754 882 818 dicacibus
916 754 1144 819 diuturniorem
1177 755 1277 818 uitam

131 861 255 927 uixerit.
288 881 358 925 nam
384 861 438 925 diu
462 861 572 925 uiuere
597 880 763 926 commune
788 861 987 942 sapientibus
1011 866 1106 944 atque
1129 861 1278 942 insipien-

100 968 219 1031 stibus
253 971 312 1045 est,
345 969 425 1032 bene
458 972 565 1032 autem
597 969 706 1032 uiuere
740 969 878 1050 speciale
911 969 1065 1052 sapientis
1098 971 1157 1046 est,
1186 967 1277 1031 cuius

133 1078 280 1139 senectus
305 1071 506 1153 uenerabilis,
541 1079 573 1139 et
601 1078 714 1139 aetas
741 1077 972 1143 senectutis
997 1076 1084 1140 uita
1106 1076 1277 1139 inmacu-

132 1181 231 1258 lata,
266 1202 343 1246 nou
378 1183 572 1247 diuturna
603 1182 707 1264 inquit
739 1202 865 1264 neque
893 1203 1055 1249 numero
1084 1201 1276 1247 annorum

133 1292 367 1370 computata
398 1308 456 1353 uec
484 1290 610 1370 capillis
639 1291 725 1354 canis
754 1290 784 1352 in
814 1284 927 1372 capite,
952 1289 1008 1354 sed
1031 1289 1188 1354 sensibus.
1220 1288 1376 1355 illearaa

131 1414 206 1478 ergo
230 1396 309 1460 bene
333 1397 471 1461 senescit
494 1397 548 1479 qui
572 1397 650 1461 bene
674 1398 817 1463 senserit.

50 1501 118 1564 3510
179 1501 331 1582 Quarta
364 1506 496 1567 autem
535 1505 1109 1588 generatione-reuertentur.
1146 1502 1278 1567 historia

133 1609 259 1692 quidem
284 1610 411 1673 uidetur
435 1610 472 1674 de
496 1610 622 1675 Iudaeis
647 1611 823 1686 conuenire,
844 1611 947 1692 quiin
968 1613 1148 1695 Aegyptum
1167 1610 1278 1675 transi-

133 1723 225 1780 erunt
248 1720 280 1781 et
303 1717 341 1781 de
363 1718 509 1801 Aegypto
534 1717 684 1782 exierunt.
720 1719 942 1803 quadringenti
966 1718 1049 1782 enim
1074 1717 1147 1782 anni
1171 1721 1203 1780 et
1224 1717 1277 1780 tri·

134 1824 221 1908 ginta
240 1825 339 1889 exacti
358 1825 425 1889 illic
445 1825 518 1889 anni
537 1845 645 1889 eorum
666 1830 751 1902 sunt,
776 1825 831 1890 sed
855 1844 916 1889 non
941 1844 1050 1889 omnes
1074 1827 1223 1889 centenos
1248 1828 1280 1888 et

133 1935 211 2014 quot
229 1935 398 1996 excurrunt
415 1951 512 1997 annos
532 1933 687 2010 aixerunt,
708 1933 791 1997 sicut
805 1933 933 2017 Moyses
953 1936 1009 1997 aut
1020 1933 1112 1997 Iesus
1126 1931 1227 2008 Naue,
1242 1935 1285 2004 ut,

90 2041 261 2122 aquariae
284 2039 494 2122 generationis
518 2043 645 2122 tempus
666 2039 841 2104 conueniat.
866 2039 949 2103 unde
969 2038 1140 2122 mysticum
1159 2039 1277 2121 aliquid

132 2146 235 2229 magis
266 2145 474 2228 requiramus,
504 2165 539 2210 eo
569 2146 653 2228 quod
681 2149 780 2210 tetras
809 2145 955 2210 omnibus
979 2147 1118 2210 numeris
1142 2151 1216 2227 apta
1235 2145 1278 2210 sit
1304 2156 1327 2209 Β

134 2261 166 2316 et
187 2252 274 2316 radix
296 2253 451 2334 quaedam
476 2252 616 2316 decimae
641 2272 676 2316 ac
699 2253 949 2328 fundamentum,
973 2252 1180 2317 hebdomadis
1203 2272 1278 2334 quo·

134 2379 194 2440 que
228 2358 339 2423 media.
378 2359 512 2442 denique
545 2360 771 2443 nonagesimus
804 2360 917 2424 tertius
950 2360 1094 2440 psalmus
1132 2359 1281 2423 scribitur

134 2470 245 2547 quarta
277 2466 411 2543 sabbati,
445 2485 481 2530 eo
516 2466 600 2548 quod
633 2467 684 2530 hic
716 2486 866 2531 numerus
899 2467 1022 2530 medius
1061 2466 1104 2530 sit
1139 2467 1279 2548 priorum

89 2597 116 2634 no
135 2572 410 2655 sequentiumque:
440 2575 505 2638 tres
531 2574 613 2638 enim
637 2574 831 2654 praecedunt
855 2593 941 2638 eum:
975 2573 1096 2655 primus
1121 2572 1280 2636 secundus

135 2679 249 2743 tertius
273 2683 305 2743 et
327 2683 392 2745 tres
416 2682 607 2762 sequuntur:
633 2681 763 2762 quintus
788 2684 896 2744 sertus
921 2680 1088 2760 septimus.
1121 2679 1175 2761 qui
1198 2679 1281 2742 hunc

135 2787 292 2869 psalmum
317 2785 402 2850 canit
424 2786 516 2850 uelut
538 2787 621 2869 aptis
646 2786 786 2850 numeris
810 2787 910 2849 uitam
934 2785 1029 2850 istius
1052 2784 1162 2848 mundi
1180 2787 1280 2848 trans-

134 2892 195 2976 igit
219 2893 309 2975 quasi
332 2896 516 2976 tetragonus
542 2897 573 2958 et
597 2894 721 2958 stabilis
746 2897 840 2974 atque
868 2893 1039 2975 perfectus.
1071 2891 1102 2954 in
1131 2893 1281 2973 quattuor
1308 2902 1328 2958 C

134 2999 224 3063 libris
247 3000 374 3081 plenum
400 3001 599 3084 euangelium
624 3004 718 3084 atque
745 3000 920 3082 perfectum
950 3002 1009 3066 est.
1043 3001 1194 3080 quattuor
1217 2997 1280 3060 ani·

90 3130 117 3169 11
135 3107 230 3170 maiia
257 3107 393 3191 mystica
421 3111 504 3184 sunt,
529 3107 640 3171 mundi
663 3126 787 3189 quoqne
811 3107 906 3171 istius
931 3108 1081 3188 quattuor
1103 3109 1219 3185 partes,
1245 3124 1279 3167 ex

225 3326 241 3378 2
260 3323 327 3378 Cen.
349 3326 389 3387 15,
412 3324 541 3378 15Ρ1111ο
561 3324 620 3393 quis
639 3341 689 3377 rer.
709 3323 764 3379 diu.
783 3324 839 3379 her.
859 3323 894 3377 58
914 3323 939 3388 (Ι
957 3324 1017 3383 515,
1038 3325 1066 3389 5)
1158 3322 1174 3374 3
1195 3322 1277 3389 Uerg.

136 3413 192 3466 Ecl.
206 3413 306 3467 vl130
392 3416 407 3467 6
428 3414 489 3482 Sap.
509 3414 535 3480 4,
554 3413 570 3466 8
590 3430 629 3482 sq.
723 3413 755 3467 10
775 3410 841 3465 Gen.
859 3413 899 3473 15,
917 3414 949 3466 16
968 3411 1279 3478 Philocomasium

139 3504 172 3555 14
189 3503 271 3555 Dent.
284 3503 327 3566 34,
343 3503 358 3556 7
373 3503 426 3557 Ios.
442 3503 485 3566 24,
501 3503 535 3556 30
579 3503 611 3555 15
631 3501 709 3555 Philo
731 3499 841 3565 Quaest.
862 3500 905 3553 III
926 3502 958 3554 12
1013 3502 1048 3554 24
1066 3500 1163 3553 Erech.
1185 3500 1225 3562 10,
1248 3501 1280 3553 14

172 3624 353 3680 3ceruieibus
367 3626 429 3680 DN
485 3625 680 3687 diuturniorem
695 3625 781 3686 uitam
795 3626 821 3678 P
835 3624 1001 3679 diuturniore
1016 3625 1074 3677 uita
1088 3630 1134 3678 cet.
1191 3622 1280 3677 idiu-

136 3715 314 3801 tumatdie.
334 3716 485 3795 11111211)
554 3713 967 3783 neque...capiteioroc.-D
1021 3712 1210 3775 8canisDN,
1229 3729 1278 3766 om.

137 3836 184 3884 cet.
242 3832 275 3884 12
294 3790 563 3901 CCCCuP(tim3)
586 3829 609 3882 C
627 3828 715 3885 CCCC
733 3828 803 3882 ΡΜ
855 3831 919 3882 anni
939 3829 989 3882 dei.
1005 3828 1044 3883 ed.
1060 3828 1138 3883 Rooe.
1194 3786 1282 3881 XXXn

138 3921 224 3987 P(ta
242 3921 298 3989 m3)
316 3919 373 3974 DC
393 3919 522 3972 XXXM
594 3921 627 3972 14
655 3918 727 3989 quod
751 3921 813 3985 (ts.
833 3917 861 3986 d)
881 3918 909 3971 P
996 3918 1095 3972 moises
1120 3918 1141 3981 (i
1159 3933 1192 3970 ea
1211 3925 1235 3983 e)
1256 3917 1283 3970 P

140 4010 172 4062 15
191 4009 278 4078 inagis
298 4008 400 4078 aliquid
418 4009 446 4060 B
502 4009 534 4062 16
554 4011 639 4062 tetras
659 4009 685 4060 P
704 4009 727 4078 (t
747 4008 796 4061 ait.
813 4024 845 4061 ea
858 4024 872 4059 r
885 4011 942 4076 m2)
960 4007 992 4060 T‘
1008 4007 1049 4072 (ia
1062 4008 1130 4074 ras.)
1185 4007 1219 4060 20
1239 4023 1280 4060 se-

135 4133 330 4256 §dentiumque
349 4133 402 4186 PB
421 4134 591 4202 sequentium
613 4134 645 4186 T‘
664 4139 710 4187 cet.
765 4133 798 4186 21
820 4135 948 4185 secuntur
971 4130 1069 4184 PBM
1121 4078 1281 4200 2511110111

143 4244 237 4312 mundi
255 4258 283 4311 P
370 4258 461 4326 istius]
482 4257 562 4312 huius
582 4259 609 4310 B
699 4260 830 4326 quattuor
848 4260 912 4310 sunt
929 4257 956 4309 P
975 4259 1048 4322 (sunt
1066 4272 1087 4310 s.
1107 4272 1134 4309 11.
1152 4260 1209 4319 1113)
1230 4261 1276 4310 cet.
