2858 4824
561 314 781 369 Praefatio.
1052 321 1235 387 XXXVIIII

90 512 179 574 catus
217 527 321 572 essem
359 507 444 572 bunc
481 505 621 573 codicem
655 509 688 572 in
721 512 875 592 opusculo
911 512 949 576 de
983 512 1060 577 Cain
1093 519 1125 578 et
1155 517 1237 581 Abel

89 614 280 679 recensendo
317 633 379 679 non
417 615 509 698 plane
546 616 781 699 neglegendum
818 636 899 695 esse,
937 619 1109 702 Iosephum
1141 621 1235 687 Klein

90 721 163 798 adii,
192 723 230 786 ut
255 723 335 785 hanc
362 723 484 803 partem
512 721 543 784 in
571 741 667 786 usum
691 742 797 786 meum
822 723 986 788 conferret.
1011 726 1067 790 sed
1091 746 1170 809 quae
1195 730 1237 792 sit

89 828 285 894 Modoetiani
310 827 342 891 in
370 829 430 892 hoo
458 830 597 892 tractatu
625 829 767 894 condicio
796 831 891 913 paulo
919 836 994 914 post
1021 835 1235 916 exponendum

89 935 162 999 erit:
196 953 277 999 nunc
311 935 426 1001 dixisse
459 935 597 1000 sufficiet
629 936 820 1002 lectionibus
850 958 867 1002 a
894 939 1067 1004 Ballerinio
1101 943 1236 1006 enotatis

89 1042 309 1125 cognationem
337 1061 416 1124 quae
443 1042 475 1105 in
499 1043 650 1106 Examero
680 1046 713 1106 et
741 1046 895 1126 opusculo
924 1044 962 1109 de
985 1046 1130 1127 paradiso
1155 1048 1237 1112 inter

89 1149 173 1213 hunc
202 1152 236 1213 et
261 1148 319 1214 MS
349 1149 517 1214 Intereedit
549 1149 713 1213 euidenter
746 1150 963 1216 demonstrari.
977 1151 1001 1238 ¹)
1034 1153 1236 1219 Modoetiano

89 1255 161 1338 ipso
188 1256 241 1320 uel
270 1258 353 1320 certe
381 1255 462 1320 libro
490 1255 654 1320 simillimo
678 1256 833 1321 Masellus
866 1257 967 1321 Uenia
993 1259 1236 1325 Beneuentanus

89 1362 121 1425 in
161 1361 344 1427 editione
378 1360 435 1447 (μ),
471 1381 551 1443 qnae
589 1361 626 1426 ab
665 1382 700 1427 eo
739 1367 847 1427 curata
882 1364 1055 1429 Mediolani
1092 1384 1128 1430 ex
1171 1367 1236 1430 offi-

90 1469 160 1534 cina
186 1469 317 1532 Antonii
349 1469 454 1533 211111
487 1489 514 1535 1.
550 1470 634 1533 1477
673 1470 704 1533 in
738 1470 843 1534 lucem
875 1471 1032 1553 prodiisse
1065 1471 1237 1554 uidetur,²)

90 1574 268 1638 edomanda
294 1593 374 1640 usus
404 1579 463 1639 est.
496 1575 614 1639 formae
644 1577 798 1661 oblongae
827 1597 864 1641 ea
893 1581 952 1655 est,
981 1579 1131 1642 soliorum
1161 1581 1235 1645 165.

91 1680 211 1746 Graeca
253 1683 372 1747 omissa
412 1686 487 1746 sunt
526 1683 649 1747 lacunis
690 1683 849 1748 indicatis.
895 1686 969 1766 post
1009 1685 1237 1767 praefationem

89 1787 228 1865 Maselli,
257 1789 312 1870 qni
340 1789 420 1854 hanc
449 1789 619 1854 editionem
642 1790 810 1854 Ambrosio
837 1789 968 1869 Corano,
993 1791 1132 1875 generali
1154 1792 1238 1856 nica-

89 1895 134 1958 rio
164 1895 284 1959 ordinis
316 1896 518 1960 eremitarum
551 1915 576 1960 s.
605 1897 787 1979 Augustini,
822 1897 992 1974 dedicauit,
1027 1901 1059 1961 et
1090 1898 1237 1975 earmina,

134 2086 155 2153 1)
175 2088 226 2141 hoc
245 2088 304 2142 loco
318 2091 429 2157 tangam
444 2086 496 2140 duo
511 2088 578 2141 folia
592 2088 732 2142 inuolncro
752 2088 854 2142 codicis
873 2089 1096 2143 Nouariensis
1115 2089 1187 2143 LXV
1202 2090 1233 2142 71

91 2176 273 2246 adglutinata,
304 2193 372 2246 quae
403 2193 433 2229 er
457 2175 526 2229 libro
558 2193 627 2231 saec.
655 2176 679 2229 X
708 2176 867 2247 deprompta
895 2181 967 2231 1111.
998 2179 1171 2231 continentur
1199 2177 1238 2230 eis

90 2265 244 2336 fragmenta
264 2268 382 2336 capitum
400 2266 457 2319 IIII
476 2269 505 2319 et
518 2265 585 2319 VIII
599 2266 662 2319 libri
677 2266 746 2319 sexti
760 2267 890 2319 Exameri.
911 2270 993 2335 atque
1008 2267 1036 2320 in
1051 2265 1139 2336 priore
1152 2267 1238 2319 latere

91 2353 217 2423 leguntur
244 2354 328 2406 uerba
355 2354 478 2406 111111...
486 2353 617 2421 plurimis
645 2357 682 2422 (p.
711 2353 771 2416 243,
802 2354 916 2418 9-244,
945 2353 1001 2420 22),
1029 2355 1058 2407 in
1086 2355 1172 2408 altero
1199 2380 1238 2406 *a*

87 2449 233 2509 ponuntur
248 2485 253 2496 .
270 2485 275 2495 .
292 2485 298 2495 .
314 2441 521 2495 dissimulamus
540 2443 612 2508 (219,
633 2442 764 2505 18-221,
783 2443 821 2508 4).
846 2445 924 2510 patet
946 2446 1038 2495 autern
1057 2442 1185 2504 codicem,
1205 2442 1239 2495 ad

93 2548 170 2600 quem
190 2532 254 2585 clim
273 2531 341 2584 haec
355 2530 508 2600 fragmenta
521 2531 719 2599 pertinuerunt,
731 2530 909 2600 neglegenter
923 2534 951 2584 et
964 2529 1093 2584 mendose
1108 2532 1237 2600 scriptum

91 2619 182 2674 fnisse.
203 2637 234 2673 ex
253 2619 394 2688 scripturis
410 2620 549 2689 colligitur
563 2636 624 2672 eum
638 2619 673 2672 ad
688 2619 819 2672 familiam
833 2619 882 2672 MS
897 2618 1065 2672 referendum
1082 2636 1153 2683 esse;
1170 2636 1238 2687 quae

92 2725 133 2761 res
151 2709 275 2778 inprimis
296 2726 326 2762 eo
347 2708 527 2775 confirmatur,
547 2707 620 2777 quod
638 2725 664 2776 p.
685 2708 745 2770 220,
766 2708 801 2760 24
819 2708 902 2761 uerba
919 2725 1005 2776 neque
1024 2708 1083 2761 odii
1097 2707 1196 2761 desunt
1210 2709 1238 2760 in

91 2797 138 2852 MS
162 2782 269 2852 omissa.
293 2816 319 2867 p.
344 2799 405 2862 221,
430 2799 445 2852 3
469 2814 523 2852 non
546 2799 689 2860 creamur,
710 2797 758 2850 sed
775 2797 921 2865 puscionem·
939 2797 1068 2866 scripturn
1089 2799 1138 2849 est.
1158 2795 1235 2849 uides

91 2886 176 2955 igItur
195 2904 227 2941 ea
246 2903 315 2956 quae
333 2885 527 2940 Reifferscheid
545 2887 617 2940 Bibl.
641 2890 710 2955 patr.
729 2886 789 2939 Lat.
813 2885 876 2941 Ital.
896 2885 924 2939 II
943 2886 995 2939 272
1015 2885 1121 2939 rettulit
1139 2885 1236 2953 imper-

91 2975 162 3030 fecte
185 2979 269 3045 atque
291 2975 428 3030 interdum
446 2976 516 3030 falsa
535 2993 601 3030 esse.
628 2976 716 3029 eidem
734 2974 855 3028 familiae
875 2971 1070 3028 adnumerandi
1089 2974 1238 3026 111111111-

91 3064 244 3119 brosiani
262 3066 286 3118 R
305 3065 340 3119 82
360 3083 417 3135 sup.
437 3069 465 3119 et
483 3065 505 3118 F
521 3066 571 3119 117
587 3082 644 3134 sup.
664 3067 760 3133 postea
780 3064 930 3117 accuratius
951 3061 1130 3124 describendi,
1150 3061 1238 3114 aniro

92 3153 286 3207 humanissimo
304 3153 409 3208 Achille
432 3154 516 3218 Ratti,
535 3153 724 3223 bybliothecae
743 3152 936 3206 Ambrosianae
961 3151 1081 3215 custode,
1101 3151 1129 3203 in
1147 3167 1237 3203 meum

91 3260 170 3296 usum
193 3243 319 3312 inspecti,
343 3243 525 3296 Bernensis
549 3243 610 3308 585,
634 3242 735 3294 formae
761 3241 902 3309 oblongae,
926 3239 1052 3294 foliorum
1077 3240 1119 3303 75,
1138 3238 1240 3291 saeculi

91 3332 138 3393 XI,
160 3332 189 3384 in
214 3349 266 3401 quo
291 3333 376 3386 solnm
399 3333 547 3385 Enameron
571 3332 651 3394 inest,
676 3335 704 3383 et
728 3330 815 3400 capite
835 3333 863 3383 et
882 3330 955 3383 calce
973 3329 1114 3392 mutilum;
1141 3327 1248 3396 incipit

92 3421 164 3474 euim
183 3437 199 3474 a
218 3419 307 3474 uerbis
325 3421 370 3482 22,
389 3421 423 3473 22
448 3420 583 3473 ‘uideatur
606 3418 769 3472 adiudicate'
794 3418 843 3488 (sic
865 3417 955 3486 liber),
981 3415 1083 3469 desinit
1100 3415 1129 3468 in
1147 3415 1238 3468 uerbis
1258 3488 1259 3491 Ἴ

92 3513 129 3563 ‘et
148 3509 309 3579 agrestibus'
329 3510 390 3573 225,
410 3511 434 3573 9,
455 3509 570 3577 denique
591 3507 853 3562 Credimanensis
873 3507 916 3572 36,
935 3505 1125 3574 bybliothecae
1146 3520 1239 3557 mona-

92 3598 168 3652 sterii
191 3598 220 3650 in
239 3599 350 3651 Austria
373 3598 517 3666 superiore,
542 3598 643 3651 saeculi
661 3596 723 3659 XII,
744 3596 790 3665 qui
813 3599 920 3664 praeter
943 3595 998 3648 alie
1022 3593 1066 3658 (cf.
1090 3592 1152 3649 Act.
1175 3593 1239 3646 min.

91 3687 166 3742 acad.
176 3687 231 3740 litt.
239 3685 357 3741 Utndob.
365 3686 527 3739 LXXXXVI
537 3687 589 3740 642
600 3685 652 3754 sq.)
663 3684 681 3741 f.
694 3686 798 3739 1-125
806 3683 1099 3741 Ambrosiileameron
1110 3682 1238 3738 continet¹
1326 3670 1332 3675 ’

92 3791 124 3829 ex
147 3774 240 3830 codice
263 3775 384 3828 familiae
402 3775 450 3828 MS
473 3775 551 3827 fluxit
577 3790 683 3842 quoqne
707 3773 831 3826 Exameri
855 3772 940 3826 editio
965 3789 988 3826 a.
1010 3771 1080 3824 1472
1099 3771 1240 3839 Augustae

91 3863 296 3919 Uindelicorum
315 3881 362 3933 per
379 3863 529 3917 Iohannem
549 3863 691 3917 Schussler
709 3863 841 3930 impressa
860 3863 897 3932 (c)
919 3861 962 3932 (cf.
982 3860 1054 3914 Hain
1074 3859 1088 3913 I
1106 3858 1154 3913 99¹2
1169 3861 1197 3911 et
1211 3856 1240 3911 C.

92 3953 122 4007 Τ.
143 3953 174 4008 G.
195 3953 399 4007 Schoenemann
418 3952 489 4006 Bibl.
510 3955 578 4021 patr.
597 3952 657 4005 Lat.
673 3951 774 4018 1372).
791 3952 885 4005 contra
904 3950 987 4004 editio
1002 3947 1123 4002 eiusdem
1143 3947 1239 4016 operis,

93 4059 162 4111 quae
187 4041 315 4097 Coloniae
340 4058 370 4094 ex
395 4040 501 4094 officina
524 4041 654 4093 Iohannis
679 4039 865 4093 Guldenschai
891 4038 994 4108 prodiit
1015 4042 1051 4107 tp)
1077 4035 1122 4099 (cf.
1141 4034 1240 4087 Hainl

93 4131 324 4184 substentes
349 4131 552 4184 Schoenemann
571 4130 585 4182 Ι
603 4130 677 4196 381),
702 4145 732 4182 ex
754 4128 824 4182 libro
849 4127 968 4181 familiae
986 4125 1021 4180 N‘
1045 4125 1167 4194 profecta
1190 4126 1239 4175 est.

140 4218 160 4287 ²)
181 4218 214 4272 cf.
235 4219 439 4273 Schoenemann
457 4219 470 4270 I
489 4220 540 4272 369
560 4235 619 4286 sqq.
