<?xml version="1.0" encoding="UTF-8"?>
<!DOCTYPE html PUBLIC "-//W3C//DTD XHTML 1.0 Transitional//EN"
    "http://www.w3.org/TR/xhtml1/DTD/xhtml1-transitional.dtd">
<html xmlns="http://www.w3.org/1999/xhtml" xml:lang="en" lang="en">
 <head>
  <title>
</title>
<meta http-equiv="Content-Type" content="text/html;charset=utf-8" />
  <meta name='ocr-system' content='tesseract 3.04.00' />
  <meta name='ocr-capabilities' content='ocr_page ocr_carea ocr_par ocr_line ocrx_word'/>
</head>
<body>
  <div class='ocr_page' id='page_1' title='image "./sanctiambrosiio00petsgoog_0026.png"; bbox 0 0 2858 4824; ppageno 0'>
   <div class='ocr_carea' id='block_1_1' title="bbox 557 351 1240 418">
    <p class='ocr_par' dir='ltr' id='par_1_1' title="bbox 557 351 1240 418">
     <span class='ocr_line' id='line_1_1' title="bbox 557 351 1240 418; baseline -0.001 -13"><span class='ocrx_word' id='word_1_1' title='bbox 557 351 773 406; x_wconf 83' lang='lat' dir='ltr'>Praefatio.</span> <span class='ocrx_word' id='word_1_2' title='bbox 1163 354 1240 418; x_wconf 82' lang='lat' dir='ltr'>Xlll</span> 
     </span>
    </p>
   </div>
   <div class='ocr_carea' id='block_1_2' title="bbox 89 547 1241 1062">
    <p class='ocr_par' dir='ltr' id='par_1_2' title="bbox 89 547 1241 1062">
     <span class='ocr_line' id='line_1_2' title="bbox 89 547 1241 630; baseline 0 -19"><span class='ocrx_word' id='word_1_3' title='bbox 89 547 211 626; x_wconf 85' lang='lat' dir='ltr'>iniecit,</span> <span class='ocrx_word' id='word_1_4' title='bbox 245 548 300 612; x_wconf 91' lang='lat' dir='ltr'>sed</span> <span class='ocrx_word' id='word_1_5' title='bbox 332 567 398 612; x_wconf 90' lang='lat' dir='ltr'>rem</span> <span class='ocrx_word' id='word_1_6' title='bbox 432 547 611 612; x_wconf 88' lang='lat' dir='ltr'>adfirmauit</span> <span class='ocrx_word' id='word_1_7' title='bbox 638 547 852 630; x_wconf 84' lang='lat' dir='ltr'><strong>Hieronymus</strong></span> <span class='ocrx_word' id='word_1_8' title='bbox 886 547 976 628; x_wconf 93' lang='lat' dir='ltr'>epist.</span> <span class='ocrx_word' id='word_1_9' title='bbox 1008 549 1061 624; x_wconf 77' lang='grc'>81,</span> <span class='ocrx_word' id='word_1_10' title='bbox 1092 548 1109 610; x_wconf 86' lang='grc'>7</span> <span class='ocrx_word' id='word_1_11' title='bbox 1135 548 1241 630; x_wconf 79' lang='lat' dir='ltr'>(XXII</span> 
     </span>
     <span class='ocr_line' id='line_1_3' title="bbox 92 653 1238 739; baseline 0 -20"><span class='ocrx_word' id='word_1_12' title='bbox 92 656 156 720; x_wconf 84' lang='grc'>749</span> <span class='ocrx_word' id='word_1_13' title='bbox 181 653 258 739; x_wconf 84' lang='grc' dir='ltr'>Μ),</span> <span class='ocrx_word' id='word_1_14' title='bbox 284 673 346 736; x_wconf 90' lang='grc'>999</span> <span class='ocrx_word' id='word_1_15' title='bbox 370 655 442 719; x_wconf 90' lang='grc'>1999</span> <span class='ocrx_word' id='word_1_16' title='bbox 466 655 543 718; x_wconf 88' lang='lat' dir='ltr'>haee</span> <span class='ocrx_word' id='word_1_17' title='bbox 567 653 679 718; x_wconf 81' lang='lat' dir='ltr'><strong>refert:</strong></span> <span class='ocrx_word' id='word_1_18' title='bbox 704 655 813 736; x_wconf 85' lang='lat' dir='ltr'>‘nuper</span> <span class='ocrx_word' id='word_1_19' title='bbox 835 653 1024 719; x_wconf 85' lang='lat' dir='ltr'>Ambrosius</span> <span class='ocrx_word' id='word_1_20' title='bbox 1049 655 1095 718; x_wconf 89' lang='lat' dir='ltr'>sio</span> <span class='ocrx_word' id='word_1_21' title='bbox 1119 655 1238 719; x_wconf 82' lang='lat' dir='ltr'>Herae-</span> 
     </span>
     <span class='ocr_line' id='line_1_4' title="bbox 89 760 1241 846; baseline -0.001 -20"><span class='ocrx_word' id='word_1_22' title='bbox 89 781 199 828; x_wconf 91' lang='lat' dir='ltr'>meron</span> <span class='ocrx_word' id='word_1_23' title='bbox 231 761 319 826; x_wconf 89' lang='lat' dir='ltr'>illius</span> <span class='ocrx_word' id='word_1_24' title='bbox 354 760 525 846; x_wconf 86' lang='lat' dir='ltr'>(Origenis)</span> <span class='ocrx_word' id='word_1_25' title='bbox 558 761 754 842; x_wconf 82' lang='lat' dir='ltr'>compilauit,</span> <span class='ocrx_word' id='word_1_26' title='bbox 779 763 816 824; x_wconf 92' lang='lat' dir='ltr'>ut</span> <span class='ocrx_word' id='word_1_27' title='bbox 844 761 947 844; x_wconf 89' lang='lat' dir='ltr'>magis</span> <span class='ocrx_word' id='word_1_28' title='bbox 975 761 1144 845; x_wconf 81' lang='lat' dir='ltr'>Hippolyti</span> <span class='ocrx_word' id='word_1_29' title='bbox 1173 781 1241 826; x_wconf 90' lang='lat' dir='ltr'>sen-</span> 
     </span>
     <span class='ocr_line' id='line_1_5' title="bbox 90 869 1238 951; baseline -0.001 -18"><span class='ocrx_word' id='word_1_30' title='bbox 90 869 209 934; x_wconf 88' lang='lat' dir='ltr'>tentias</span> <span class='ocrx_word' id='word_1_31' title='bbox 241 869 418 951; x_wconf 90' lang='lat' dir='ltr'>Basiliique</span> <span class='ocrx_word' id='word_1_32' title='bbox 452 870 656 950; x_wconf 88' lang='lat' dir='ltr'>sequeretur&#39;.</span> <span class='ocrx_word' id='word_1_33' title='bbox 691 869 807 951; x_wconf 90' lang='lat' dir='ltr'>quibus</span> <span class='ocrx_word' id='word_1_34' title='bbox 844 869 875 932; x_wconf 92' lang='lat' dir='ltr'>in</span> <span class='ocrx_word' id='word_1_35' title='bbox 909 869 1017 933; x_wconf 90' lang='lat' dir='ltr'>uerbis</span> <span class='ocrx_word' id='word_1_36' title='bbox 1055 870 1161 933; x_wconf 84' lang='lat' dir='ltr'>neseio</span> <span class='ocrx_word' id='word_1_37' title='bbox 1201 889 1238 933; x_wconf 92' lang='lat' dir='ltr'>an</span> 
     </span>
     <span class='ocr_line' id='line_1_6' title="bbox 91 975 1240 1062; baseline 0 -22"><span class='ocrx_word' id='word_1_38' title='bbox 91 977 293 1062; x_wconf 89' lang='lat' dir='ltr'>urguendum</span> <span class='ocrx_word' id='word_1_39' title='bbox 319 976 362 1040; x_wconf 89' lang='lat' dir='ltr'>sit</span> <span class='ocrx_word' id='word_1_40' title='bbox 384 976 517 1039; x_wconf 90' lang='lat' dir='ltr'>uerbum</span> <span class='ocrx_word' id='word_1_41' title='bbox 540 975 748 1058; x_wconf 76' lang='lat' dir='ltr'>‘compilarit‘</span> <span class='ocrx_word' id='word_1_42' title='bbox 771 975 816 1039; x_wconf 90' lang='lat' dir='ltr'>ita</span> <span class='ocrx_word' id='word_1_43' title='bbox 845 979 881 1040; x_wconf 88' lang='lat' dir='ltr'>ut</span> <span class='ocrx_word' id='word_1_44' title='bbox 909 994 969 1039; x_wconf 93' lang='lat' dir='ltr'>non</span> <span class='ocrx_word' id='word_1_45' title='bbox 995 975 1074 1041; x_wconf 91' lang='lat' dir='ltr'>satis</span> <span class='ocrx_word' id='word_1_46' title='bbox 1099 976 1177 1040; x_wconf 91' lang='lat' dir='ltr'>bene</span> <span class='ocrx_word' id='word_1_47' title='bbox 1202 975 1240 1040; x_wconf 90' lang='grc'>(19</span> 
     </span>
    </p>
   </div>
   <div class='ocr_carea' id='block_1_3' title="bbox 89 1082 1241 1488">
    <p class='ocr_par' dir='ltr' id='par_1_3' title="bbox 89 1082 1241 1488">
     <span class='ocr_line' id='line_1_7' title="bbox 89 1082 1241 1166; baseline -0.002 -17"><span class='ocrx_word' id='word_1_48' title='bbox 89 1085 150 1149; x_wconf 89' lang='lat' dir='ltr'>hoo</span> <span class='ocrx_word' id='word_1_49' title='bbox 185 1103 278 1166; x_wconf 90' lang='lat' dir='ltr'>opere</span> <span class='ocrx_word' id='word_1_50' title='bbox 301 1083 515 1165; x_wconf 81' lang='lat' dir='ltr'><strong>Hieronymus</strong></span> <span class='ocrx_word' id='word_1_51' title='bbox 549 1082 782 1147; x_wconf 89' lang='lat' dir='ltr'>existimauisse</span> <span class='ocrx_word' id='word_1_52' title='bbox 816 1082 971 1147; x_wconf 84' lang='lat' dir='ltr'>uideatur.</span> <span class='ocrx_word' id='word_1_53' title='bbox 1001 1085 1084 1146; x_wconf 83' lang='lat' dir='ltr'>certe</span> <span class='ocrx_word' id='word_1_54' title='bbox 1112 1083 1144 1146; x_wconf 91' lang='lat' dir='ltr'>in</span> <span class='ocrx_word' id='word_1_55' title='bbox 1166 1083 1241 1147; x_wconf 85' lang='lat' dir='ltr'>libri</span> 
     </span>
     <span class='ocr_line' id='line_1_8' title="bbox 90 1189 1241 1271; baseline -0.001 -15"><span class='ocrx_word' id='word_1_56' title='bbox 90 1192 129 1256; x_wconf 89' lang='lat' dir='ltr'>de</span> <span class='ocrx_word' id='word_1_57' title='bbox 163 1191 243 1256; x_wconf 90' lang='lat' dir='ltr'>uiris</span> <span class='ocrx_word' id='word_1_58' title='bbox 276 1191 455 1254; x_wconf 69' lang='lat' dir='ltr'>illustribus</span> <span class='ocrx_word' id='word_1_59' title='bbox 480 1213 506 1256; x_wconf 89' lang='grc'>9.</span> <span class='ocrx_word' id='word_1_60' title='bbox 533 1191 595 1254; x_wconf 81' lang='grc'>123</span> <span class='ocrx_word' id='word_1_61' title='bbox 620 1209 680 1254; x_wconf 91' lang='grc'>999</span> <span class='ocrx_word' id='word_1_62' title='bbox 715 1190 819 1254; x_wconf 90' lang='grc'>919919</span> <span class='ocrx_word' id='word_1_63' title='bbox 852 1190 913 1254; x_wconf 92' lang='lat' dir='ltr'>sibi</span> <span class='ocrx_word' id='word_1_64' title='bbox 936 1189 1098 1254; x_wconf 82' lang='lat' dir='ltr'>Ambrosii</span> <span class='ocrx_word' id='word_1_65' title='bbox 1122 1191 1241 1271; x_wconf 83' lang='lat' dir='ltr'>scripta</span> 
     </span>
     <span class='ocr_line' id='line_1_9' title="bbox 89 1297 1239 1383; baseline -0.002 -21"><span class='ocrx_word' id='word_1_66' title='bbox 89 1299 218 1382; x_wconf 89' lang='lat' dir='ltr'>probari</span> <span class='ocrx_word' id='word_1_67' title='bbox 251 1297 444 1383; x_wconf 81' lang='lat' dir='ltr'>significauit</span> <span class='ocrx_word' id='word_1_68' title='bbox 475 1298 526 1361; x_wconf 92' lang='lat' dir='ltr'>his</span> <span class='ocrx_word' id='word_1_69' title='bbox 559 1297 682 1361; x_wconf 89' lang='lat' dir='ltr'>uerbis:</span> <span class='ocrx_word' id='word_1_70' title='bbox 715 1297 764 1361; x_wconf 83' lang='lat' dir='ltr'>‘de</span> <span class='ocrx_word' id='word_1_71' title='bbox 797 1316 859 1379; x_wconf 91' lang='lat' dir='ltr'>quo</span> <span class='ocrx_word' id='word_1_72' title='bbox 892 1297 1111 1380; x_wconf 84' lang='lat' dir='ltr'>(Ambrosium</span> <span class='ocrx_word' id='word_1_73' title='bbox 1140 1297 1239 1378; x_wconf 86' lang='grc'>(11911),</span> 
     </span>
     <span class='ocr_line' id='line_1_10' title="bbox 90 1403 1239 1488; baseline -0.003 -18"><span class='ocrx_word' id='word_1_74' title='bbox 90 1406 166 1488; x_wconf 89' lang='grc'>9919</span> <span class='ocrx_word' id='word_1_75' title='bbox 199 1408 353 1487; x_wconf 83' lang='lat' dir='ltr'>superest,</span> <span class='ocrx_word' id='word_1_76' title='bbox 377 1423 485 1468; x_wconf 91' lang='lat' dir='ltr'>meum</span> <span class='ocrx_word' id='word_1_77' title='bbox 516 1403 671 1467; x_wconf 84' lang='lat' dir='ltr'>iudicium</span> <span class='ocrx_word' id='word_1_78' title='bbox 705 1404 898 1481; x_wconf 82' lang='lat' dir='ltr'>subtraham,</span> <span class='ocrx_word' id='word_1_79' title='bbox 923 1423 961 1467; x_wconf 93' lang='lat' dir='ltr'>ne</span> <span class='ocrx_word' id='word_1_80' title='bbox 990 1405 1022 1468; x_wconf 93' lang='lat' dir='ltr'>in</span> <span class='ocrx_word' id='word_1_81' title='bbox 1056 1404 1239 1468; x_wconf 88' lang='lat' dir='ltr'>alterutram</span> 
     </span>
    </p>
   </div>
   <div class='ocr_carea' id='block_1_4' title="bbox 90 1509 1343 1595">
    <p class='ocr_par' dir='ltr' id='par_1_4' title="bbox 90 1509 1343 1595">
     <span class='ocr_line' id='line_1_11' title="bbox 90 1509 1343 1595; baseline -0.002 -18"><span class='ocrx_word' id='word_1_82' title='bbox 90 1516 215 1595; x_wconf 88' lang='lat' dir='ltr'>partem</span> <span class='ocrx_word' id='word_1_83' title='bbox 238 1516 295 1576; x_wconf 88' lang='lat' dir='ltr'>aut</span> <span class='ocrx_word' id='word_1_84' title='bbox 318 1512 458 1576; x_wconf 81' lang='lat' dir='ltr'>adulatio</span> <span class='ocrx_word' id='word_1_85' title='bbox 486 1511 519 1574; x_wconf 90' lang='lat' dir='ltr'>in</span> <span class='ocrx_word' id='word_1_86' title='bbox 547 1530 598 1574; x_wconf 92' lang='lat' dir='ltr'>me</span> <span class='ocrx_word' id='word_1_87' title='bbox 625 1510 873 1593; x_wconf 88' lang='lat' dir='ltr'>reprehendatur</span> <span class='ocrx_word' id='word_1_88' title='bbox 897 1513 953 1574; x_wconf 90' lang='grc'>991</span> <span class='ocrx_word' id='word_1_89' title='bbox 976 1509 1116 1574; x_wconf 86' lang='lat' dir='ltr'>ueritas’.</span> <span class='ocrx_word' id='word_1_90' title='bbox 1140 1529 1240 1592; x_wconf 91' lang='lat' dir='ltr'>neque</span> <span class='ocrx_word' id='word_1_91' title='bbox 1341 1545 1343 1549; x_wconf 56' lang='lat'>&gt;</span> 
     </span>
    </p>
   </div>
   <div class='ocr_carea' id='block_1_5' title="bbox 89 1616 1243 3517">
    <p class='ocr_par' dir='ltr' id='par_1_5' title="bbox 89 1616 1243 3517">
     <span class='ocr_line' id='line_1_12' title="bbox 91 1616 1240 1703; baseline 0 -20"><span class='ocrx_word' id='word_1_92' title='bbox 91 1620 201 1683; x_wconf 89' lang='grc'>99911</span> <span class='ocrx_word' id='word_1_93' title='bbox 226 1618 330 1703; x_wconf 87' lang='grc'>999919</span> <span class='ocrx_word' id='word_1_94' title='bbox 355 1619 501 1683; x_wconf 87' lang='lat' dir='ltr'>abhorret</span> <span class='ocrx_word' id='word_1_95' title='bbox 525 1617 608 1700; x_wconf 92' lang='lat' dir='ltr'>quod</span> <span class='ocrx_word' id='word_1_96' title='bbox 631 1617 764 1682; x_wconf 88' lang='lat' dir='ltr'>Rufinus</span> <span class='ocrx_word' id='word_1_97' title='bbox 787 1616 880 1699; x_wconf 80' lang='lat' dir='ltr'>Apol.</span> <span class='ocrx_word' id='word_1_98' title='bbox 904 1617 936 1680; x_wconf 92' lang='lat' dir='ltr'>in</span> <span class='ocrx_word' id='word_1_99' title='bbox 960 1617 1046 1684; x_wconf 91' lang='lat' dir='ltr'>Hier.</span> <span class='ocrx_word' id='word_1_100' title='bbox 1069 1618 1101 1681; x_wconf 92' lang='lat' dir='ltr'>ll</span> <span class='ocrx_word' id='word_1_101' title='bbox 1125 1620 1166 1682; x_wconf 81' lang='lat'>22</span> <span class='ocrx_word' id='word_1_102' title='bbox 1192 1637 1240 1700; x_wconf 89' lang='lat' dir='ltr'>sq.</span> 
     </span>
     <span class='ocr_line' id='line_1_13' title="bbox 91 1724 1240 1808; baseline -0.001 -18"><span class='ocrx_word' id='word_1_103' title='bbox 91 1726 181 1808; x_wconf 87' lang='lat' dir='ltr'>(XXI</span> <span class='ocrx_word' id='word_1_104' title='bbox 216 1726 277 1790; x_wconf 85' lang='lat' dir='ltr'>eut</span> <span class='ocrx_word' id='word_1_105' title='bbox 310 1724 374 1807; x_wconf 85' lang='lat' dir='ltr'>M.)</span> <span class='ocrx_word' id='word_1_106' title='bbox 407 1725 513 1804; x_wconf 86' lang='lat' dir='ltr'>tradit,</span> <span class='ocrx_word' id='word_1_107' title='bbox 548 1724 592 1788; x_wconf 89' lang='lat' dir='ltr'>eis</span> <span class='ocrx_word' id='word_1_108' title='bbox 627 1742 705 1805; x_wconf 90' lang='lat' dir='ltr'>quae</span> <span class='ocrx_word' id='word_1_109' title='bbox 738 1724 950 1807; x_wconf 83' lang='lat' dir='ltr'>Hieronymus</span> <span class='ocrx_word' id='word_1_110' title='bbox 982 1725 1014 1788; x_wconf 92' lang='lat' dir='ltr'>in</span> <span class='ocrx_word' id='word_1_111' title='bbox 1047 1724 1240 1807; x_wconf 86' lang='lat' dir='ltr'>praefatione</span> 
     </span>
     <span class='ocr_line' id='line_1_14' title="bbox 92 1831 1242 1915; baseline -0.002 -17"><span class='ocrx_word' id='word_1_112' title='bbox 92 1833 130 1898; x_wconf 92' lang='lat' dir='ltr'>de</span> <span class='ocrx_word' id='word_1_113' title='bbox 163 1832 304 1896; x_wconf 93' lang='lat' dir='ltr'>homiliis</span> <span class='ocrx_word' id='word_1_114' title='bbox 336 1832 368 1894; x_wconf 93' lang='lat' dir='ltr'>in</span> <span class='ocrx_word' id='word_1_115' title='bbox 400 1833 515 1896; x_wconf 88' lang='lat' dir='ltr'>Luoam</span> <span class='ocrx_word' id='word_1_116' title='bbox 549 1831 588 1895; x_wconf 92' lang='lat' dir='ltr'>ad</span> <span class='ocrx_word' id='word_1_117' title='bbox 615 1832 747 1895; x_wconf 81' lang='lat' dir='ltr'>Paulam</span> <span class='ocrx_word' id='word_1_118' title='bbox 777 1835 808 1895; x_wconf 89' lang='lat' dir='ltr'>et</span> <span class='ocrx_word' id='word_1_119' title='bbox 834 1833 1045 1897; x_wconf 80' lang='lat' dir='ltr'>Eustochium</span> <span class='ocrx_word' id='word_1_120' title='bbox 1079 1833 1242 1915; x_wconf 80' lang='lat' dir='ltr'>scripserit</span> 
     </span>
     <span class='ocr_line' id='line_1_15' title="bbox 91 1938 1240 2021; baseline 0 -17"><span class='ocrx_word' id='word_1_121' title='bbox 91 1941 130 2004; x_wconf 91' lang='lat' dir='ltr'>de</span> <span class='ocrx_word' id='word_1_122' title='bbox 165 1939 389 2004; x_wconf 85' lang='lat' dir='ltr'>commentario</span> <span class='ocrx_word' id='word_1_123' title='bbox 423 1938 559 2021; x_wconf 92' lang='lat' dir='ltr'>quodam</span> <span class='ocrx_word' id='word_1_124' title='bbox 596 1939 628 2002; x_wconf 92' lang='lat' dir='ltr'>in</span> <span class='ocrx_word' id='word_1_125' title='bbox 662 1939 791 2014; x_wconf 79' lang='lat' dir='ltr'>Lucam,</span> <span class='ocrx_word' id='word_1_126' title='bbox 824 1957 918 2021; x_wconf 90' lang='lat' dir='ltr'>quem</span> <span class='ocrx_word' id='word_1_127' title='bbox 955 1940 1027 2003; x_wconf 92' lang='lat' dir='ltr'>illae</span> <span class='ocrx_word' id='word_1_128' title='bbox 1064 1940 1096 2004; x_wconf 92' lang='lat' dir='ltr'>in</span> <span class='ocrx_word' id='word_1_129' title='bbox 1134 1941 1240 2004; x_wconf 88' lang='lat' dir='ltr'>uerbis</span> 
     </span>
     <span class='ocr_line' id='line_1_16' title="bbox 89 2045 1241 2128; baseline 0.001 -18"><span class='ocrx_word' id='word_1_130' title='bbox 89 2047 210 2128; x_wconf 87' lang='lat' dir='ltr'>ludere,</span> <span class='ocrx_word' id='word_1_131' title='bbox 234 2047 266 2110; x_wconf 93' lang='lat' dir='ltr'>in</span> <span class='ocrx_word' id='word_1_132' title='bbox 300 2046 465 2111; x_wconf 87' lang='lat' dir='ltr'>sententiis</span> <span class='ocrx_word' id='word_1_133' title='bbox 499 2046 667 2110; x_wconf 90' lang='lat' dir='ltr'>dormitare</span> <span class='ocrx_word' id='word_1_134' title='bbox 700 2045 849 2125; x_wconf 85' lang='lat' dir='ltr'>dixerant,</span> <span class='ocrx_word' id='word_1_135' title='bbox 877 2047 1038 2110; x_wconf 86' lang='lat' dir='ltr'>Ambrosii</span> <span class='ocrx_word' id='word_1_136' title='bbox 1068 2049 1241 2112; x_wconf 85' lang='lat' dir='ltr'>tractatum</span> 
     </span>
     <span class='ocr_line' id='line_1_17' title="bbox 93 2152 1240 2237; baseline 0.002 -20"><span class='ocrx_word' id='word_1_137' title='bbox 93 2153 131 2217; x_wconf 92' lang='grc'>(19</span> <span class='ocrx_word' id='word_1_138' title='bbox 166 2153 330 2237; x_wconf 91' lang='lat' dir='ltr'>euangelio</span> <span class='ocrx_word' id='word_1_139' title='bbox 365 2153 539 2217; x_wconf 88' lang='lat' dir='ltr'>seeundum</span> <span class='ocrx_word' id='word_1_140' title='bbox 571 2152 690 2216; x_wconf 84' lang='lat' dir='ltr'>Lucam</span> <span class='ocrx_word' id='word_1_141' title='bbox 723 2152 903 2235; x_wconf 83' lang='lat' dir='ltr'>significari.</span> <span class='ocrx_word' id='word_1_142' title='bbox 940 2172 1016 2217; x_wconf 92' lang='lat' dir='ltr'>num</span> <span class='ocrx_word' id='word_1_143' title='bbox 1049 2173 1123 2218; x_wconf 89' lang='lat' dir='ltr'>uero</span> <span class='ocrx_word' id='word_1_144' title='bbox 1156 2160 1240 2219; x_wconf 89' lang='grc'>19919</span> 
     </span>
     <span class='ocr_line' id='line_1_18' title="bbox 93 2259 1242 2344; baseline 0.002 -21"><span class='ocrx_word' id='word_1_145' title='bbox 93 2260 206 2324; x_wconf 82' lang='lat' dir='ltr'>dixerit</span> <span class='ocrx_word' id='word_1_146' title='bbox 227 2261 440 2342; x_wconf 84' lang='lat' dir='ltr'>Hieronymus</span> <span class='ocrx_word' id='word_1_147' title='bbox 464 2260 668 2325; x_wconf 86' lang='lat' dir='ltr'>Ambrosium</span> <span class='ocrx_word' id='word_1_148' title='bbox 693 2259 839 2344; x_wconf 90' lang='lat' dir='ltr'>Origenis</span> <span class='ocrx_word' id='word_1_149' title='bbox 862 2261 1088 2338; x_wconf 86' lang='lat' dir='ltr'>Hexaememn,</span> <span class='ocrx_word' id='word_1_150' title='bbox 1108 2262 1168 2326; x_wconf 89' lang='lat' dir='ltr'>hoo</span> <span class='ocrx_word' id='word_1_151' title='bbox 1192 2265 1242 2327; x_wconf 88' lang='grc'>991</span> 
     </span>
     <span class='ocr_line' id='line_1_19' title="bbox 94 2365 1241 2450; baseline 0.001 -19"><span class='ocrx_word' id='word_1_152' title='bbox 94 2365 344 2431; x_wconf 82' lang='lat' dir='ltr'>Commentarios</span> <span class='ocrx_word' id='word_1_153' title='bbox 368 2366 400 2430; x_wconf 94' lang='lat' dir='ltr'>in</span> <span class='ocrx_word' id='word_1_154' title='bbox 425 2365 585 2445; x_wconf 85' lang='lat' dir='ltr'>Genesim,</span> <span class='ocrx_word' id='word_1_155' title='bbox 610 2386 744 2449; x_wconf 92' lang='lat' dir='ltr'>quorum</span> <span class='ocrx_word' id='word_1_156' title='bbox 768 2386 886 2449; x_wconf 87' lang='lat' dir='ltr'>paucae</span> <span class='ocrx_word' id='word_1_157' title='bbox 910 2387 993 2432; x_wconf 91' lang='lat' dir='ltr'>nuno</span> <span class='ocrx_word' id='word_1_158' title='bbox 1016 2368 1168 2450; x_wconf 90' lang='lat' dir='ltr'>reliquiae</span> <span class='ocrx_word' id='word_1_159' title='bbox 1193 2387 1241 2432; x_wconf 89' lang='lat' dir='ltr'>ex·</span> 
     </span>
     <span class='ocr_line' id='line_1_20' title="bbox 89 2472 1240 2557; baseline 0 -20"><span class='ocrx_word' id='word_1_160' title='bbox 89 2472 205 2557; x_wconf 83' lang='lat' dir='ltr'>tant,¹)</span> <span class='ocrx_word' id='word_1_161' title='bbox 234 2473 459 2554; x_wconf 84' lang='lat' dir='ltr'>compilauisse</span> <span class='ocrx_word' id='word_1_162' title='bbox 492 2473 634 2557; x_wconf 85' lang='lat' dir='ltr'>profecto</span> <span class='ocrx_word' id='word_1_163' title='bbox 668 2473 804 2537; x_wconf 82' lang='lat' dir='ltr'>dubitari</span> <span class='ocrx_word' id='word_1_164' title='bbox 837 2477 953 2555; x_wconf 87' lang='lat' dir='ltr'>potest.</span> <span class='ocrx_word' id='word_1_165' title='bbox 991 2475 1088 2538; x_wconf 91' lang='lat' dir='ltr'>immo</span> <span class='ocrx_word' id='word_1_166' title='bbox 1116 2474 1240 2551; x_wconf 89' lang='lat' dir='ltr'>Basilii,</span> 
     </span>
     <span class='ocr_line' id='line_1_21' title="bbox 91 2579 1239 2663; baseline -0.001 -17"><span class='ocrx_word' id='word_1_167' title='bbox 91 2581 185 2646; x_wconf 89' lang='grc'>99199</span> <span class='ocrx_word' id='word_1_168' title='bbox 210 2579 385 2644; x_wconf 89' lang='grc'>9991991199</span> <span class='ocrx_word' id='word_1_169' title='bbox 408 2581 535 2643; x_wconf 86' lang='grc'>1991991</span> <span class='ocrx_word' id='word_1_170' title='bbox 556 2597 629 2643; x_wconf 88' lang='grc'>9991</span> <span class='ocrx_word' id='word_1_171' title='bbox 648 2581 751 2663; x_wconf 90' lang='lat' dir='ltr'>magis</span> <span class='ocrx_word' id='word_1_172' title='bbox 771 2583 918 2644; x_wconf 78' lang='lat' dir='ltr'>secutum</span> <span class='ocrx_word' id='word_1_173' title='bbox 938 2600 1008 2645; x_wconf 90' lang='lat' dir='ltr'>esse</span> <span class='ocrx_word' id='word_1_174' title='bbox 1027 2581 1239 2663; x_wconf 91' lang='lat' dir='ltr'>Hieronymus</span> 
     </span>
     <span class='ocr_line' id='line_1_22' title="bbox 91 2686 1239 2770; baseline -0.002 -18"><span class='ocrx_word' id='word_1_175' title='bbox 91 2688 199 2767; x_wconf 86' lang='lat' dir='ltr'>refert,</span> <span class='ocrx_word' id='word_1_176' title='bbox 234 2707 313 2770; x_wconf 93' lang='lat' dir='ltr'>opus</span> <span class='ocrx_word' id='word_1_177' title='bbox 347 2686 499 2768; x_wconf 88' lang='lat' dir='ltr'>expilauit</span> <span class='ocrx_word' id='word_1_178' title='bbox 529 2686 575 2751; x_wconf 90' lang='lat' dir='ltr'>ita</span> <span class='ocrx_word' id='word_1_179' title='bbox 607 2689 644 2751; x_wconf 91' lang='grc'>91</span> <span class='ocrx_word' id='word_1_180' title='bbox 675 2688 861 2769; x_wconf 87' lang='grc'>9191919999</span> <span class='ocrx_word' id='word_1_181' title='bbox 897 2687 964 2751; x_wconf 88' lang='grc'>9199</span> <span class='ocrx_word' id='word_1_182' title='bbox 999 2687 1239 2768; x_wconf 89' lang='lat' dir='ltr'>dispositionem</span> 
     </span>
     <span class='ocr_line' id='line_1_23' title="bbox 93 2792 1243 2878; baseline -0.003 -18"><span class='ocrx_word' id='word_1_183' title='bbox 93 2797 290 2878; x_wconf 85' lang='lat' dir='ltr'>sequeretur,</span> <span class='ocrx_word' id='word_1_184' title='bbox 323 2793 426 2857; x_wconf 90' lang='lat' dir='ltr'>multa</span> <span class='ocrx_word' id='word_1_185' title='bbox 458 2792 560 2857; x_wconf 92' lang='lat' dir='ltr'>isdem</span> <span class='ocrx_word' id='word_1_186' title='bbox 592 2793 657 2856; x_wconf 87' lang='lat' dir='ltr'>fere</span> <span class='ocrx_word' id='word_1_187' title='bbox 689 2792 796 2856; x_wconf 86' lang='lat' dir='ltr'>uerbis</span> <span class='ocrx_word' id='word_1_188' title='bbox 833 2792 987 2871; x_wconf 89' lang='lat' dir='ltr'>redderet,</span> <span class='ocrx_word' id='word_1_189' title='bbox 1020 2793 1113 2876; x_wconf 91' lang='lat' dir='ltr'>longe</span> <span class='ocrx_word' id='word_1_190' title='bbox 1150 2794 1243 2874; x_wconf 89' lang='lat' dir='ltr'>plura</span> 
     </span>
     <span class='ocr_line' id='line_1_24' title="bbox 91 2898 1242 2980; baseline -0.003 -15"><span class='ocrx_word' id='word_1_191' title='bbox 91 2901 210 2967; x_wconf 91' lang='lat' dir='ltr'>maiore</span> <span class='ocrx_word' id='word_1_192' title='bbox 244 2921 322 2965; x_wconf 88' lang='lat' dir='ltr'>usus</span> <span class='ocrx_word' id='word_1_193' title='bbox 356 2900 526 2964; x_wconf 91' lang='lat' dir='ltr'>uerborum</span> <span class='ocrx_word' id='word_1_194' title='bbox 559 2899 682 2963; x_wconf 89' lang='lat' dir='ltr'>ambitu</span> <span class='ocrx_word' id='word_1_195' title='bbox 714 2898 910 2980; x_wconf 85' lang='lat' dir='ltr'>exprimeret,</span> <span class='ocrx_word' id='word_1_196' title='bbox 945 2898 1079 2980; x_wconf 87' lang='grc'>(1991999</span> <span class='ocrx_word' id='word_1_197' title='bbox 1111 2899 1142 2962; x_wconf 90' lang='grc'>19</span> <span class='ocrx_word' id='word_1_198' title='bbox 1174 2899 1242 2962; x_wconf 92' lang='lat' dir='ltr'>uni·</span> 
     </span>
     <span class='ocr_line' id='line_1_25' title="bbox 92 3005 1241 3091; baseline -0.003 -20"><span class='ocrx_word' id='word_1_199' title='bbox 92 3027 223 3072; x_wconf 88' lang='lat' dir='ltr'>uersum</span> <span class='ocrx_word' id='word_1_200' title='bbox 241 3006 421 3091; x_wconf 87' lang='lat' dir='ltr'>interpretis</span> <span class='ocrx_word' id='word_1_201' title='bbox 440 3006 546 3089; x_wconf 92' lang='lat' dir='ltr'>potius</span> <span class='ocrx_word' id='word_1_202' title='bbox 567 3025 662 3089; x_wconf 91' lang='lat' dir='ltr'>quam</span> <span class='ocrx_word' id='word_1_203' title='bbox 682 3006 845 3087; x_wconf 87' lang='grc'>9911919119</span> <span class='ocrx_word' id='word_1_204' title='bbox 865 3025 995 3069; x_wconf 88' lang='lat' dir='ltr'>munere</span> <span class='ocrx_word' id='word_1_205' title='bbox 1014 3007 1209 3089; x_wconf 85' lang='lat' dir='ltr'>fungeretur.</span> <span class='ocrx_word' id='word_1_206' title='bbox 1218 3005 1241 3090; x_wconf 76' lang='grc'>2)</span> 
     </span>
     <span class='ocr_line' id='line_1_26' title="bbox 91 3112 1243 3197; baseline -0.003 -19"><span class='ocrx_word' id='word_1_207' title='bbox 91 3132 167 3178; x_wconf 92' lang='lat' dir='ltr'>oum</span> <span class='ocrx_word' id='word_1_208' title='bbox 190 3113 290 3197; x_wconf 89' lang='lat' dir='ltr'>igitur</span> <span class='ocrx_word' id='word_1_209' title='bbox 311 3113 448 3176; x_wconf 85' lang='lat' dir='ltr'>maxima</span> <span class='ocrx_word' id='word_1_210' title='bbox 472 3115 555 3176; x_wconf 88' lang='lat' dir='ltr'>oerte</span> <span class='ocrx_word' id='word_1_211' title='bbox 580 3131 615 3176; x_wconf 90' lang='lat' dir='ltr'>ex</span> <span class='ocrx_word' id='word_1_212' title='bbox 638 3116 727 3195; x_wconf 90' lang='lat' dir='ltr'>parte</span> <span class='ocrx_word' id='word_1_213' title='bbox 752 3112 1243 3195; x_wconf 84' lang='grc'>99991999991999911999191</span> 
     </span>
     <span class='ocr_line' id='line_1_27' title="bbox 92 3217 1241 3302; baseline -0.003 -18"><span class='ocrx_word' id='word_1_214' title='bbox 92 3221 132 3284; x_wconf 93' lang='lat' dir='ltr'>ad</span> <span class='ocrx_word' id='word_1_215' title='bbox 160 3220 269 3302; x_wconf 90' lang='lat' dir='ltr'>ipsum</span> <span class='ocrx_word' id='word_1_216' title='bbox 298 3218 453 3282; x_wconf 90' lang='lat' dir='ltr'>Basilium</span> <span class='ocrx_word' id='word_1_217' title='bbox 483 3217 536 3281; x_wconf 91' lang='lat' dir='ltr'>uel</span> <span class='ocrx_word' id='word_1_218' title='bbox 564 3218 654 3293; x_wconf 92' lang='lat' dir='ltr'>alios,</span> <span class='ocrx_word' id='word_1_219' title='bbox 679 3218 716 3282; x_wconf 93' lang='lat' dir='ltr'>de</span> <span class='ocrx_word' id='word_1_220' title='bbox 741 3218 858 3301; x_wconf 89' lang='lat' dir='ltr'>quibus</span> <span class='ocrx_word' id='word_1_221' title='bbox 882 3237 954 3282; x_wconf 84' lang='lat' dir='ltr'>mox</span> <span class='ocrx_word' id='word_1_222' title='bbox 978 3218 1241 3296; x_wconf 87' lang='grc'>(1191911991999,</span> 
     </span>
     <span class='ocr_line' id='line_1_28' title="bbox 91 3324 1242 3409; baseline 0 -19"><span class='ocrx_word' id='word_1_223' title='bbox 91 3344 242 3391; x_wconf 89' lang='lat' dir='ltr'>reuooare</span> <span class='ocrx_word' id='word_1_224' title='bbox 261 3325 433 3407; x_wconf 88' lang='lat' dir='ltr'>possimus,</span> <span class='ocrx_word' id='word_1_225' title='bbox 453 3325 516 3389; x_wconf 91' lang='lat' dir='ltr'>iam</span> <span class='ocrx_word' id='word_1_226' title='bbox 535 3328 622 3407; x_wconf 89' lang='lat' dir='ltr'>patet</span> <span class='ocrx_word' id='word_1_227' title='bbox 635 3325 841 3389; x_wconf 86' lang='lat' dir='ltr'>Ambrosium</span> <span class='ocrx_word' id='word_1_228' title='bbox 861 3345 922 3390; x_wconf 93' lang='lat' dir='ltr'>non</span> <span class='ocrx_word' id='word_1_229' title='bbox 941 3326 1043 3389; x_wconf 89' lang='lat' dir='ltr'>multa</span> <span class='ocrx_word' id='word_1_230' title='bbox 1062 3345 1098 3389; x_wconf 89' lang='lat' dir='ltr'>ex</span> <span class='ocrx_word' id='word_1_231' title='bbox 1113 3324 1242 3409; x_wconf 83' lang='lat' dir='ltr'>Origine</span> 
     </span>
     <span class='ocr_line' id='line_1_29' title="bbox 93 3431 1242 3517; baseline -0.002 -19"><span class='ocrx_word' id='word_1_232' title='bbox 93 3431 272 3517; x_wconf 89' lang='lat' dir='ltr'>sumpsisse</span> <span class='ocrx_word' id='word_1_233' title='bbox 288 3435 383 3514; x_wconf 90' lang='lat' dir='ltr'>atque</span> <span class='ocrx_word' id='word_1_234' title='bbox 397 3432 627 3514; x_wconf 91' lang='lat' dir='ltr'>Hieronymum</span> <span class='ocrx_word' id='word_1_235' title='bbox 641 3451 753 3514; x_wconf 90' lang='lat' dir='ltr'>parum</span> <span class='ocrx_word' id='word_1_236' title='bbox 768 3432 937 3516; x_wconf 86' lang='lat' dir='ltr'>diligenter</span> <span class='ocrx_word' id='word_1_237' title='bbox 950 3433 1003 3497; x_wconf 91' lang='lat' dir='ltr'>uel</span> <span class='ocrx_word' id='word_1_238' title='bbox 1018 3432 1114 3495; x_wconf 89' lang='lat' dir='ltr'>etiam</span> <span class='ocrx_word' id='word_1_239' title='bbox 1134 3432 1242 3514; x_wconf 91' lang='lat' dir='ltr'>inique</span> 
     </span>
    </p>
   </div>
   <div class='ocr_carea' id='block_1_6' title="bbox 90 3658 1241 4351">
    <p class='ocr_par' dir='ltr' id='par_1_6' title="bbox 90 3658 1240 3818">
     <span class='ocr_line' id='line_1_30' title="bbox 139 3658 1240 3727; baseline 0.001 -14"><span class='ocrx_word' id='word_1_240' title='bbox 139 3660 159 3727; x_wconf 90' lang='lat'>¹)</span> <span class='ocrx_word' id='word_1_241' title='bbox 185 3659 219 3714; x_wconf 84' lang='lat' dir='ltr'>of.</span> <span class='ocrx_word' id='word_1_242' title='bbox 243 3659 370 3712; x_wconf 88' lang='lat' dir='ltr'>Harnaok</span> <span class='ocrx_word' id='word_1_243' title='bbox 393 3659 454 3712; x_wconf 85' lang='lat' dir='ltr'>‘Die</span> <span class='ocrx_word' id='word_1_244' title='bbox 479 3658 585 3713; x_wconf 88' lang='lat' dir='ltr'>Ueberl.</span> <span class='ocrx_word' id='word_1_245' title='bbox 612 3658 668 3712; x_wconf 89' lang='lat' dir='ltr'>und</span> <span class='ocrx_word' id='word_1_246' title='bbox 694 3658 742 3712; x_wconf 90' lang='lat' dir='ltr'>der</span> <span class='ocrx_word' id='word_1_247' title='bbox 764 3659 839 3712; x_wconf 90' lang='lat' dir='ltr'>Best.</span> <span class='ocrx_word' id='word_1_248' title='bbox 864 3658 912 3713; x_wconf 89' lang='grc'>(191</span> <span class='ocrx_word' id='word_1_249' title='bbox 930 3659 1025 3715; x_wconf 88' lang='grc'>9119111.</span> <span class='ocrx_word' id='word_1_250' title='bbox 1050 3659 1126 3712; x_wconf 76' lang='lat' dir='ltr'>Litt&#39;</span> <span class='ocrx_word' id='word_1_251' title='bbox 1150 3660 1164 3713; x_wconf 95' lang='lat' dir='ltr'>I</span> <span class='ocrx_word' id='word_1_252' title='bbox 1188 3661 1240 3714; x_wconf 82' lang='lat'>343</span> 
     </span>
     <span class='ocr_line' id='line_1_31' title="bbox 90 3747 578 3818; baseline 0 -14"><span class='ocrx_word' id='word_1_253' title='bbox 90 3753 120 3804; x_wconf 88' lang='lat' dir='ltr'>et</span> <span class='ocrx_word' id='word_1_254' title='bbox 140 3750 215 3804; x_wconf 84' lang='lat' dir='ltr'>Patr.</span> <span class='ocrx_word' id='word_1_255' title='bbox 236 3748 282 3804; x_wconf 87' lang='lat' dir='ltr'>Gr.</span> <span class='ocrx_word' id='word_1_256' title='bbox 300 3747 405 3802; x_wconf 84' lang='lat' dir='ltr'>xl145</span> <span class='ocrx_word' id='word_1_257' title='bbox 424 3765 482 3818; x_wconf 86' lang='lat' dir='ltr'>sqq.</span> <span class='ocrx_word' id='word_1_258' title='bbox 503 3749 578 3814; x_wconf 83' lang='grc' dir='ltr'>(Μ).</span> 
     </span>
    </p>

    <p class='ocr_par' dir='ltr' id='par_1_7' title="bbox 91 3837 1241 4351">
     <span class='ocr_line' id='line_1_32' title="bbox 140 3837 1240 3907; baseline 0.002 -15"><span class='ocrx_word' id='word_1_259' title='bbox 140 3839 161 3907; x_wconf 81' lang='lat'>²)</span> <span class='ocrx_word' id='word_1_260' title='bbox 183 3839 216 3892; x_wconf 87' lang='lat' dir='ltr'>ef.</span> <span class='ocrx_word' id='word_1_261' title='bbox 234 3838 319 3892; x_wconf 88' lang='lat' dir='ltr'>libros</span> <span class='ocrx_word' id='word_1_262' title='bbox 338 3837 388 3891; x_wconf 81' lang='lat' dir='ltr'>Th.</span> <span class='ocrx_word' id='word_1_263' title='bbox 408 3837 544 3891; x_wconf 86' lang='lat' dir='ltr'>Foersteri</span> <span class='ocrx_word' id='word_1_264' title='bbox 565 3837 732 3891; x_wconf 83' lang='lat' dir='ltr'>‘Ambrosius</span> <span class='ocrx_word' id='word_1_265' title='bbox 751 3837 866 3891; x_wconf 83' lang='lat' dir='ltr'>Bisohof</span> <span class='ocrx_word' id='word_1_266' title='bbox 881 3855 934 3892; x_wconf 82' lang='lat' dir='ltr'>von</span> <span class='ocrx_word' id='word_1_267' title='bbox 953 3838 1082 3892; x_wconf 85' lang='lat' dir='ltr'>Mailand’</span> <span class='ocrx_word' id='word_1_268' title='bbox 1102 3839 1163 3892; x_wconf 89' lang='lat' dir='ltr'>Hal.</span> <span class='ocrx_word' id='word_1_269' title='bbox 1180 3837 1240 3894; x_wconf 85' lang='lat' dir='ltr'>Sex.</span> 
     </span>
     <span class='ocr_line' id='line_1_33' title="bbox 93 3924 1241 3995; baseline -0.002 -15"><span class='ocrx_word' id='word_1_270' title='bbox 93 3927 172 3992; x_wconf 82' lang='grc'>1884,</span> <span class='ocrx_word' id='word_1_271' title='bbox 192 3943 218 3995; x_wconf 90' lang='lat' dir='ltr'>p.</span> <span class='ocrx_word' id='word_1_272' title='bbox 240 3926 291 3980; x_wconf 88' lang='grc'>117</span> <span class='ocrx_word' id='word_1_273' title='bbox 310 3941 368 3994; x_wconf 90' lang='lat' dir='ltr'>sqq.</span> <span class='ocrx_word' id='word_1_274' title='bbox 389 3927 416 3979; x_wconf 88' lang='lat' dir='ltr'>et</span> <span class='ocrx_word' id='word_1_275' title='bbox 434 3926 455 3979; x_wconf 96' lang='grc' dir='ltr'>Ι.</span> <span class='ocrx_word' id='word_1_276' title='bbox 475 3925 597 3979; x_wconf 85' lang='grc' dir='ltr'>Κ9119911</span> <span class='ocrx_word' id='word_1_277' title='bbox 615 3926 679 3979; x_wconf 86' lang='lat' dir='ltr'>‘Der</span> <span class='ocrx_word' id='word_1_278' title='bbox 696 3925 799 3995; x_wconf 79' lang='lat' dir='ltr'>heiliga</span> <span class='ocrx_word' id='word_1_279' title='bbox 817 3926 975 3980; x_wconf 82' lang='lat' dir='ltr'>Ambrosius</span> <span class='ocrx_word' id='word_1_280' title='bbox 995 3927 1033 3979; x_wconf 84' lang='lat' dir='ltr'>als</span> <span class='ocrx_word' id='word_1_281' title='bbox 1048 3926 1175 3979; x_wconf 76' lang='lat' dir='ltr'>Hrkltrer</span> <span class='ocrx_word' id='word_1_282' title='bbox 1193 3924 1241 3979; x_wconf 85' lang='lat' dir='ltr'>des</span> 
     </span>
     <span class='ocr_line' id='line_1_34' title="bbox 92 4013 1241 4083; baseline -0.002 -14"><span class='ocrx_word' id='word_1_283' title='bbox 92 4016 167 4070; x_wconf 90' lang='lat' dir='ltr'>alten</span> <span class='ocrx_word' id='word_1_284' title='bbox 187 4015 384 4069; x_wconf 85' lang='lat' dir='ltr'>Testamentes&#39;</span> <span class='ocrx_word' id='word_1_285' title='bbox 402 4014 570 4067; x_wconf 85' lang='lat' dir='ltr'>Ratisbonae</span> <span class='ocrx_word' id='word_1_286' title='bbox 590 4013 668 4076; x_wconf 87' lang='grc'>1898,</span> <span class='ocrx_word' id='word_1_287' title='bbox 687 4031 714 4083; x_wconf 93' lang='lat' dir='ltr'>p.</span> <span class='ocrx_word' id='word_1_288' title='bbox 733 4015 767 4068; x_wconf 80' lang='lat'>79</span> <span class='ocrx_word' id='word_1_289' title='bbox 787 4031 845 4082; x_wconf 87' lang='grc'>999,</span> <span class='ocrx_word' id='word_1_290' title='bbox 866 4030 934 4083; x_wconf 84' lang='grc'>9999</span> <span class='ocrx_word' id='word_1_291' title='bbox 958 4031 989 4067; x_wconf 82' lang='lat' dir='ltr'>ex</span> <span class='ocrx_word' id='word_1_292' title='bbox 1006 4014 1109 4067; x_wconf 88' lang='lat' dir='ltr'>Basilio</span> <span class='ocrx_word' id='word_1_293' title='bbox 1134 4016 1241 4082; x_wconf 85' lang='lat' dir='ltr'>sumpta</span> 
     </span>
     <span class='ocr_line' id='line_1_35' title="bbox 92 4101 1239 4172; baseline -0.001 -13"><span class='ocrx_word' id='word_1_294' title='bbox 92 4108 158 4159; x_wconf 89' lang='lat' dir='ltr'>sunt</span> <span class='ocrx_word' id='word_1_295' title='bbox 180 4104 272 4158; x_wconf 84' lang='lat' dir='ltr'>omnia</span> <span class='ocrx_word' id='word_1_296' title='bbox 294 4103 447 4172; x_wconf 83' lang='lat' dir='ltr'>signifioaui</span> <span class='ocrx_word' id='word_1_297' title='bbox 470 4101 579 4172; x_wconf 88' lang='lat' dir='ltr'>paginis</span> <span class='ocrx_word' id='word_1_298' title='bbox 603 4101 730 4156; x_wconf 80' lang='lat' dir='ltr'>editionis</span> <span class='ocrx_word' id='word_1_299' title='bbox 749 4103 910 4172; x_wconf 85' lang='lat' dir='ltr'>Migneanae</span> <span class='ocrx_word' id='word_1_300' title='bbox 933 4102 1061 4156; x_wconf 82' lang='lat' dir='ltr'>indicatis</span> <span class='ocrx_word' id='word_1_301' title='bbox 1085 4104 1169 4168; x_wconf 90' lang='lat' dir='ltr'>(Patr.</span> <span class='ocrx_word' id='word_1_302' title='bbox 1194 4101 1239 4158; x_wconf 88' lang='lat' dir='ltr'>Gr.</span> 
     </span>
     <span class='ocr_line' id='line_1_36' title="bbox 91 4191 1239 4262; baseline -0.004 -15"><span class='ocrx_word' id='word_1_303' title='bbox 91 4193 222 4248; x_wconf 83' lang='lat' dir='ltr'>xxvlm</span> <span class='ocrx_word' id='word_1_304' title='bbox 247 4194 285 4259; x_wconf 88' lang='grc'>3),</span> <span class='ocrx_word' id='word_1_305' title='bbox 313 4192 359 4246; x_wconf 91' lang='lat' dir='ltr'>sed</span> <span class='ocrx_word' id='word_1_306' title='bbox 386 4208 446 4245; x_wconf 90' lang='lat' dir='ltr'>oum</span> <span class='ocrx_word' id='word_1_307' title='bbox 473 4208 505 4245; x_wconf 87' lang='grc'>99</span> <span class='ocrx_word' id='word_1_308' title='bbox 529 4191 693 4261; x_wconf 89' lang='lat' dir='ltr'>turpissimis</span> <span class='ocrx_word' id='word_1_309' title='bbox 722 4208 864 4262; x_wconf 88' lang='lat' dir='ltr'>operarum</span> <span class='ocrx_word' id='word_1_310' title='bbox 892 4192 997 4245; x_wconf 86' lang='lat' dir='ltr'>mendis</span> <span class='ocrx_word' id='word_1_311' title='bbox 1025 4191 1167 4260; x_wconf 88' lang='lat' dir='ltr'>inquinata</span> <span class='ocrx_word' id='word_1_312' title='bbox 1195 4191 1239 4255; x_wconf 89' lang='grc'>911,</span> 
     </span>
     <span class='ocr_line' id='line_1_37' title="bbox 91 4279 1115 4351; baseline -0.002 -13"><span class='ocrx_word' id='word_1_313' title='bbox 91 4283 223 4338; x_wconf 88' lang='lat' dir='ltr'>editionis</span> <span class='ocrx_word' id='word_1_314' title='bbox 243 4281 299 4336; x_wconf 87' lang='grc'>91.</span> <span class='ocrx_word' id='word_1_315' title='bbox 320 4280 448 4336; x_wconf 82' lang='grc'>(19199119</span> <span class='ocrx_word' id='word_1_316' title='bbox 468 4283 576 4335; x_wconf 87' lang='grc'>9919199</span> <span class='ocrx_word' id='word_1_317' title='bbox 596 4297 703 4350; x_wconf 88' lang='grc'>999999</span> <span class='ocrx_word' id='word_1_318' title='bbox 722 4282 835 4351; x_wconf 85' lang='lat' dir='ltr'>paginas</span> <span class='ocrx_word' id='word_1_319' title='bbox 854 4282 999 4335; x_wconf 82' lang='lat' dir='ltr'>adnotatas</span> <span class='ocrx_word' id='word_1_320' title='bbox 1021 4279 1115 4337; x_wconf 78' lang='lat' dir='ltr'>habes.</span> 
     </span>
    </p>
   </div>
   <div class='ocr_carea' id='block_1_7' title="bbox 0 0 1437 4824">
    <p class='ocr_par' dir='ltr' id='par_1_8' title="bbox 0 0 1437 4824">
     <span class='ocr_line' id='line_1_38' title="bbox 0 0 1437 4824; baseline 0 0"><span class='ocrx_word' id='word_1_321' title='bbox 0 0 1437 4824; x_wconf 95' lang='lat' dir='ltr'> </span> 
     </span>
    </p>
   </div>
  </div>
 </body>
</html>
