2858 4824
554 358 772 412 Praefatio.
1189 365 1237 429 ΠΙ

88 550 158 613 ueri
190 551 294 632 specie
328 551 529 616 coniecerunt
563 554 693 617 eandem
725 574 791 617 rem
820 575 945 638 666666
975 555 1005 619 16
1035 557 1131 622 altero
1156 558 1236 624 libro

56 663 61 672 ’
89 675 171 738 6666,
205 677 265 738 666
299 658 487 724 Ambrosius
518 680 572 725 eos
604 661 658 743 qui
688 661 897 743 prouectioris
931 662 1117 744 disciplinae
1151 668 1238 732 erant

89 765 256 830 altioribus
282 767 442 831 doctrinae
467 787 572 832 sacrae
597 769 727 832 secretis
752 768 877 832 initiare
898 770 1031 834 studuit.
1052 789 1124 834 cum
1146 791 1237 853 opere

89 873 128 936 (16
152 874 309 937 Abraham
334 862 439 938 autem
464 876 699 940 necessitudine
724 876 860 959 quadam
885 878 1044 941 coniuncti
1060 881 1144 942 'sunt
1165 880 1238 942 libri

90 979 129 1043 de
152 981 253 1058 Isaac,
279 982 316 1044 de
340 983 422 1046 bono
446 984 569 1060 mortis,
591 984 629 1046 de
648 984 753 1056 Iacob,
776 983 813 1046 (16
834 982 959 1064 loseph,
981 984 1115 1067 denique
1135 986 1162 1049 is
1183 988 1237 1069 qui

89 1089 186 1172 uolgo
211 1089 249 1152 de
272 1090 548 1154 benedictionibus
572 1090 822 1173 patriarcharum
847 1090 1040 1155 inscribitur.
1066 1092 1183 1155 etenim
1206 1093 1237 1156 in

90 1195 215 1258 exordio
240 1196 314 1259 libri
337 1196 374 1259 de
397 1197 487 1260 Isaac
512 1198 665 1280 adopus,
686 1215 748 1279 666
774 1197 811 1259 (16
831 1196 991 1260 Abraham
1015 1197 1129 1280 agitur,
1150 1219 1239 1263 reno.

89 1320 199 1365 camur
220 1303 362 1386 itemque
386 1304 496 1386 primis
520 1304 593 1367 libri
618 1304 756 1368 debono
777 1304 889 1367 mortis
909 1304 1016 1367 uerbis
1036 1305 1075 1368 ad
1093 1306 1237 1370 libellum

6 1461 9 1466 .
90 1410 129 1473 (16
152 1411 252 1475 Isaac.
280 1411 312 1473 in
340 1411 413 1474 libri
442 1411 479 1474 de
503 1411 619 1492 loseph
648 1411 795 1494 ingressu
820 1411 1009 1475 Ambrosius
1039 1431 1095 1475 nos
1119 1414 1240 1496 relegat

90 1517 130 1581 ad
144 1517 243 1581 libros
260 1518 297 1581 de
311 1519 470 1583 Abraham
486 1519 576 1582 Isaac
595 1518 602 1578 l
608 1520 685 1583 acob
702 1537 798 1600 seque
818 1518 993 1581 secundum
1009 1518 1238 1600 scripturarum

90 1624 205 1688 seriem
228 1643 279 1688 res
303 1628 410 1708 gestas
434 1624 682 1706 patriarcharum
709 1623 865 1705 explicare
885 1623 1060 1705 profitetur.
1080 1623 1143 1686 iam
1163 1644 1238 1688 uero

89 1731 187 1796 libros
220 1731 257 1794 de
287 1732 381 1795 Iacob
414 1751 449 1795 er
480 1730 678 1794 sermonibus
709 1730 902 1812 compositos
927 1748 998 1792 esse
1022 1730 1127 1795 uerbis
1151 1731 1184 1793 Il
1208 1733 1238 1809 5,

91 1840 134 1901 23
158 1839 254 1902 ‘sicut
282 1838 401 1902 audisti
428 1838 494 1921 legi
523 1839 627 1920 hodie'
651 1837 863 1902 confirmatur.
892 1855 993 1917 neque
1024 1836 1116 1900 aliter
1140 1838 1239 1901 statui

88 1950 199 2027 potest
227 1946 265 2010 de
293 1946 492 2028 libelloqui
521 1946 558 2008 de
587 1945 702 2025 loseph
731 1944 926 2007 inscribitur.
950 1962 1020 2005 nam
1046 1943 1184 2024 primum
1207 1944 1240 2007 id

90 2057 251 2118 testantur
273 2054 370 2116 uerba
395 2055 423 2129 1,
451 2055 479 2129 1,
506 2053 620 2133 quibus
650 2052 747 2115 simul
777 2070 856 2133 quae
882 2053 1058 2113 ceterorum
1084 2050 1121 2113 de
1145 2051 1241 2131 patri·

90 2162 194 2226 archis
218 2162 371 2224 librorum
395 2161 483 2243 origo
509 2160 605 2222 fuerit
627 2159 824 2222 illustratur:
853 2158 901 2220 ‘de
927 2156 1042 2238 quibus
1067 2156 1240 2237 (Abraham

89 2269 180 2334 Isaac
199 2266 308 2354 Iacob)
328 2269 406 2332 mibi
426 2287 499 2332 curn
519 2267 665 2347 frequens
685 2268 841 2329 tractatus
861 2263 968 2339 fuerit,
993 2262 1113 2327 hodie
1139 2264 1240 2327 sancti

90 2377 207 2460 loseph
231 2377 364 2440 historia
388 2375 548 2442 occun·it.‘
572 2374 683 2437 deinde
708 2393 744 2436 en
768 2373 813 2435 eis
834 2390 914 2452 6666
932 2370 978 2432 ibi
999 2370 1028 2446 6,
1048 2371 1102 2434 30.
1123 2370 1176 2433 33.
1197 2371 1239 2433 35

89 2485 241 2570 leguntur
264 2484 470 2548 manifestum
495 2486 544 2547 est
567 2480 771 2545 Ambrosium
800 2479 850 2542 his
875 2477 955 2541 locis
980 2479 1075 2554 tecte,
1100 2476 1132 2538 id
1157 2477 1242 2558 quod

91 2595 266 2658 orationem
295 2612 415 2658 sacram
445 2591 586 2667 decebat,
613 2587 824 2672 Oalligonum,
852 2583 1071 2667 praepositum
1101 2582 1241 2646 cubiculi

92 2702 306 2767 Ualentiniani
328 2701 471 2767 iunioris.
497 2697 738 2783 significauisse.
752 2694 777 2778 1)
803 2692 881 2756 adde
907 2690 991 2773 quod
1017 2689 1126 2752 uerbis
1148 2690 1177 2764 6,
1199 2691 1240 2752 30

90 2810 292 2874 ‘meministis
327 2812 410 2873 certe
442 2807 613 2871 uerborum
646 2807 798 2866 meorum
836 2797 1027 2861 Ambrosius
1068 2795 1243 2875 adpellauit

91 2921 256 2984 audientes
291 2921 385 3000 atque
420 2918 449 2995 7,
475 2912 647 2978 3811616
673 2930 706 2974 66
739 2911 867 2973 1666166
903 2907 962 2974 est,
991 2910 1027 2966 ut
1057 2901 1241 2983 episcopum

92 3029 169 3093 haec
194 3028 225 3091 in
250 3027 390 3091 oratione
414 3043 503 3088 sacra
526 3021 698 3104 protulisse
717 3017 797 3099 ipsis
817 3013 924 3078 uerbis
945 3011 1141 3075 edoceamur.
1161 3008 1240 3071 libro

93 3139 200 3200 autern
234 3134 272 3198 de
303 3132 429 3215 Ioseph,
462 3134 499 3193 ut
531 3129 562 3191 in
595 3125 759 3210 pristinam
792 3118 1009 3202 integritatem
1043 3115 1241 3193 restituatur,

92 3243 312 3327 adiungendus
342 3243 391 3304 est
418 3239 559 3311 libellus,
588 3235 642 3317 qui
669 3233 701 3294 in
731 3229 839 3294 codice
870 3223 1093 3319 antiquissimo
1119 3225 1151 3284 et
1174 3221 1241 3302 661-

91 3351 227 3415 busdam
262 3349 315 3432 qui
350 3368 385 3412 er
418 3366 454 3409 eo
487 3342 645 3408 fluxerunt
667 3338 716 3402 ‘de
749 3332 960 3418 patriarchis,
985 3330 1016 3392 in
1050 3328 1164 3392 ceteris
1193 3328 1241 3391 ‘de

91 3457 367 3522 benedictionibus
382 3451 641 3536 patriarcharum'
656 3441 848 3507 inscribitur.
863 3439 952 3520 patet
966 3434 1048 3498 enim
1064 3451 1241 3497 sermonem

93 3566 233 3647 quidem,
257 3583 318 3628 non
341 3562 459 3625 librum
478 3558 522 3620 eis
542 3554 648 3619 uerbis
669 3549 815 3614 concludi
837 3543 990 3628 potuisse,
1011 3560 1090 3621 quae
1108 3540 1140 3602 16
1160 3539 1241 3603 libro

94 3675 133 3737 (16
147 3673 264 3753 Ioseph
283 3671 396 3734 ultimo
415 3667 576 3749 leguntur.
590 3662 615 3746 2)
636 3663 731 3741 61666
748 3654 972 3722 Cassiodorum
993 3651 1078 3712 lrunc
1099 3651 1130 3710 61
1149 3647 1241 3709 illum

138 3847 159 3915 1)
180 3846 211 3900 cf.
232 3845 268 3898 M.
287 3844 347 3896 Ihm
367 3840 443 3895 Stud.
463 3838 586 3892 Ambros.
606 3835 675 3891 Anu.
695 3833 760 3903 phil.
781 3829 859 3899 suppl
883 3824 961 3878 XVIl
976 3823 1009 3876 16
1029 3836 1067 3888 66.
1087 3819 1168 3887 longe
1188 3818 1242 3870 olio

93 3937 174 3989 modo
203 3934 236 3988 de
265 3933 358 3987 eadem
385 3948 413 3984 re
440 3929 562 3998 loquitur
588 3924 746 3980 Ambrosius
774 3921 803 3973 in
832 3916 964 3986 epistulae
993 3910 1028 3964 ad
1055 3906 1241 3962 Mareellinam

95 4043 222 4088 sororem,
247 4039 315 4092 6666
338 4022 366 4073 16
385 4020 567 4075 Manrinorum
591 4015 711 4069 editione
736 4013 778 4065 661
801 4006 939 4070 uicesima,
966 4003 1031 4056 sect.
1057 3998 1100 4051 28.
1126 3997 1242 4048 ceterum

94 4118 123 4169 in
142 4119 206 4170 sect.
226 4114 260 4166 28
279 4113 342 4166 libri
362 4108 511 4177 deloseph
531 4105 611 4159 simul
628 4103 761 4156 Iustinum
782 4094 919 4164 designari
939 4093 1061 4160 apertum
1081 4088 1129 4139 661.
1158 4172 1163 4184 .

141 4205 162 4273 2)
179 4205 304 4259 artiorem
320 4203 390 4254 inter
403 4200 475 4253 hunc
488 4197 588 4250 librum
604 4196 631 4247 et
646 4209 707 4246 eum
722 4189 768 4258 qui
784 4187 816 4240 (16
831 4182 930 4252 Ioseph
946 4177 1102 4232 inscribitur
1113 4174 1246 4225 rationem

94 4295 262 4352 intercedere
280 4295 335 4347 iam
352 4289 456 4345 librarii
475 4287 591 4341 sensisse
610 4282 745 4336 uidentur.
766 4279 838 4331 certe
856 4275 884 4326 in
900 4269 1035 4325 Parisiaco
1050 4260 1243 4333 bybliothecae

1173 4366 1202 4417 a*
