2858 4824
183 342 208 406 L
648 337 867 391 Praefatio.

184 533 269 598 hunc
298 536 330 597 et
355 532 448 596 illum
476 532 647 597 uerborum
674 531 814 596 ordinem
844 531 1010 597 Ambrosio
1043 532 1181 596 tribuere
1214 533 1331 616 possis.

183 640 291 722 itaque
315 641 352 702 ut
373 640 407 703 in
432 639 502 703 aliis
525 640 620 703 rebus
645 639 751 702 dubiis
775 639 821 702 ita
845 642 877 703 et
899 640 1018 704 talibus
1036 639 1117 704 locis
1137 659 1211 704 cum
1230 640 1333 704 classe

184 744 214 809 Π
237 747 344 830 potius
368 766 462 828 qnam
487 765 560 810 cum
584 747 682 810 altera
704 745 884 810 faciendum
908 765 977 810 esso
1001 746 1189 811 existimaui.

227 854 435 918 Memorabile
472 856 522 917 est
557 853 589 916 in
626 852 795 935 archetypo
835 852 981 917 codicum
1017 856 1197 918 nostrorum
1234 855 1333 918 uerba

185 958 306 1025 Graeca
333 960 491 1042 adscripta
518 959 618 1023 fuisse
645 959 758 1024 uideri.
792 960 850 1023 hoc
880 959 963 1023 enim
992 959 1020 1024 si
1048 960 1231 1037 statuimus,
1257 981 1332 1043 qno·

184 1067 278 1131 modo
310 1067 362 1146 87,
388 1067 407 1130 6
431 1066 512 1129 mira
534 1066 590 1129 illa
613 1065 645 1129 in
668 1066 758 1130 libris
783 1066 954 1147 scriptura:
986 1067 1116 1146 spirans
1137 1087 1241 1130 seneen
1265 1071 1333 1133 orta

185 1173 229 1237 sit
251 1173 344 1237 facile
368 1173 551 1257 explicatur.
575 1192 649 1236 nam
671 1173 799 1252 spirans
822 1173 913 1237 nihili
933 1192 1003 1237 esse
1024 1193 1059 1238 ac
1077 1174 1238 1238 seminans
1257 1175 1329 1239 seri·

184 1279 323 1343 bendum
346 1299 407 1344 non
432 1279 588 1360 estquod
612 1280 716 1344 fusius
741 1297 904 1362 exponam.
933 1279 997 1344 iam
1021 1282 1049 1346 si
1073 1281 1229 1345 sumimus
1255 1282 1331 1346 olim

530 1378 541 1407 a
556 1369 605 1406 r'ron
677 1378 689 1406 a
704 1379 762 1407 ermu

185 1421 339 1504 scriptum
362 1422 462 1486 fuisse
485 1379 645 1485 6661166666
667 1379 780 1500 agmen,
805 1441 841 1486 ex
863 1423 970 1486 uerbis
993 1423 1102 1502 spirea
1122 1426 1154 1487 et
1170 1424 1333 1486 seminans

182 1528 265 1592 illud
287 1529 416 1608 spirans
439 1528 609 1593 conflatum
633 1548 702 1593 esse
725 1529 932 1612 intellegItur.
969 1528 1023 1592 uix
1051 1533 1157 1593 autem
1180 1530 1332 1595 credibile

184 1639 234 1700 est
256 1636 460 1700 Ambrosium
489 1637 595 1718 ipsum
624 1636 684 1701 hoo
710 1636 780 1701 1666
805 1637 899 1701 uerba
927 1636 1046 1702 Graeca
1070 1647 1188 1718 σπεῖρον
1212 1638 1333 1719 σπέρμα

184 1742 333 1806 adiuncta
355 1743 612 1824 interpretatione
635 1743 747 1806 Latina
769 1744 928 1807 seminans
950 1763 1053 1806 semea
1075 1739 1331 1823 pronuntianisse

184 1851 279 1930 atque
307 1849 421 1912 notarii
449 1849 502 1912 uel
527 1849 649 1912 librarii
676 1849 842 1914 cuiusdam
872 1851 965 1932 culpa
993 1847 1125 1932 syllabis
1154 1866 1187 1909 ον
1212 1849 1333 1928 σπέρμα

183 1955 283 2018 semia
309 1954 465 2038 neglectis
494 1956 698 2020 6616616616
723 1975 792 2020 eam
817 1976 896 2039 quae
920 1974 1004 2020 6666
1027 1954 1172 2018 inlibris
1197 1956 1247 2020 est
1268 1953 1332 2014 lec-

182 2063 302 2126 tionem
325 2065 431 2126 natam
457 2081 538 2127 esse.
563 2064 698 2126 alterum
723 2064 791 2127 eius
815 2064 860 2127 rei
885 2063 1062 2145 exemplum
1085 2061 1183 2125 habes
1205 2060 1279 2136 166,
1300 2061 1331 2134 2,

185 2169 339 2249 6661666
363 2168 395 2232 16
420 2168 477 2232 ΠΒ
501 2169 651 2247 oculeum,
675 2170 707 2233 in
731 2170 794 2235 N¹S
818 2171 958 2234 66616666
982 2173 1130 2243 centrum,
1154 2168 1186 2230 in
1205 2166 1240 2229 M
1259 2186 1332 2229 aca-

184 2273 265 2337 16666
288 2278 320 2338 66
342 2275 453 2339 deinde
476 2275 591 2339 lacuna
615 2279 735 2357 septem
759 2277 824 2340 fere
847 2277 1026 2340 lItterarum
1047 2277 1141 2340 extat.
1166 2273 1248 2336 unde
1269 2272 1327 2336 col·

183 2380 295 2464 ligitur
321 2381 353 2444 in
381 2383 551 2464 archetypo
581 2402 677 2466 snpra
707 2383 847 2446 oculeum
871 2384 946 2447 olim
969 2386 1089 2465 κέντρον
1112 2381 1166 2444 661
1189 2382 1332 2443 centrum

184 2486 378 2569 adscriptum
407 2488 516 2567 fnisse,
542 2489 626 2570 quod
653 2489 686 2552 in
714 2486 771 2552 ΠΒ
795 2489 988 2572 neglectum,
1013 2488 1045 2550 in
1067 2485 1133 2550 N¹S
1157 2485 1189 2548 in
1216 2484 1332 2548 oratio-

184 2609 256 2654 nem
277 2595 452 2673 reeeptum‚
475 2593 507 2656 in
530 2593 565 2656 M
589 2593 724 2676 denique
743 2613 872 2670 ,erasnm
897 2596 953 2658 est.
966 2591 991 2678 ¹)

232 2837 251 2901 ¹)
270 2837 371 2890 multos
403 2837 477 2890 locos
507 2854 537 2890 ex
562 2838 699 2891 Ambrosii
724 2838 855 2892 Examero
884 2837 983 2892 adferri
1010 2837 1039 2890 in
1066 2837 1147 2890 Libro
1177 2837 1332 2904 glossarum

184 2928 303 2978 testatus
323 2928 364 2977 est
383 2923 415 2979 G.
435 2925 538 2979 Goetz
558 2925 586 2977 in
605 2926 666 2978 Act.
685 2930 738 2978 soc.
758 2943 812 2979 sax.
830 2925 884 2978 lilt.
905 2927 937 2981 cl.
956 2924 1102 2994 hist-phil.
1120 2923 1189 2976 XIII
1208 2925 1259 2977 261
1282 2940 1333 2991 66,

186 3014 278 3082 quiin
298 3012 414 3083 Corpore
434 3014 516 3083 gloss.
535 3014 583 3068 166.
602 3015 656 3067 nol.
676 3014 700 3067 V
721 3015 770 3068 159
790 3031 848 3082 sqq.
869 3031 923 3067 666
945 3018 1034 3068 totum
1059 3030 1134 3083 opus,
1155 3013 1204 3066 sed
1223 3017 1333 3066 tantum

185 3105 309 3171 excerpta
328 3118 358 3155 ex
374 3119 405 3156 eo
420 3102 514 3155 edidit.
533 3104 626 3172 itaque
641 3119 701 3156 cum
717 3101 750 3156 de
765 3103 848 3165 fonte,
864 3120 893 3156 ex
909 3119 961 3172 quo
975 3102 1029 3156 loci
1042 3103 1070 3154 in
1086 3101 1177 3155 codice
1191 3102 1331 3156 Parisiaco

186 3190 321 3262 11529s30
335 3189 421 3244 adlati
435 3192 577 3255 fluxerunt,
592 3191 698 3245 edoceri
712 3192 819 3256 uellem,
829 3192 916 3245 uirum
927 3191 1111 3244 doctissimum
1124 3191 1225 3244 litteris
1240 3191 1335 3244 missis

184 3279 346 3348 rogarint,
366 3280 390 3332 si
410 3296 475 3348 quos
499 3282 624 3333 66666666
646 3279 768 3343 haberet,
788 3297 892 3334 mecum
915 3281 1032 3349 benigne
1051 3279 1268 3333 communicaret.
1288 3296 1333 3332 re·

185 3367 296 3438 spondit
313 3368 360 3421 1116
380 3369 494 3422 comiter
512 3386 540 3421 se
559 3369 639 3423 initia
656 3371 764 3422 tantum
787 3370 975 3438 clausulaeque
994 3368 1126 3422 eiusmodi
1143 3368 1262 3421 locorum
1284 3367 1334 3422 de·

185 3457 324 3526 scripsisse
344 3460 426 3526 atque
446 3457 526 3510 simul
545 3458 694 3527 complures
712 3457 763 3511 hoc
781 3457 860 3511 modo
881 3458 1036 3527 designatos
1056 3457 1165 3510 adiecit.
1181 3456 1230 3510 hos
1245 3457 1334 3527 igitur

184 3546 214 3598 P.
234 3545 289 3614 Lej
299 3562 343 3618 ay,
362 3545 499 3615 professor
523 3545 692 3607 ParisIensis,
711 3546 836 3614 precibus
859 3548 935 3608 meis,
956 3564 1024 3615 qnae
1043 3550 1086 3599 est
1105 3547 1162 3600 eius
1180 3545 1335 3600 liberalitas

185 3640 266 3703 atque
285 3634 448 3698 humanitas,
468 3634 613 3688 obsecutus
632 3635 779 3703 diligenter
799 3639 847 3688 aut
866 3635 1006 3704 6666616616
1024 3639 1072 3689 666
1091 3652 1151 3689 cum
1169 3638 1246 3689 textu
1265 3634 1334 3688 Arn-

184 3726 310 3779 brosiano
335 3725 458 3779 contulit.
486 3741 539 3792 qua
561 3741 590 3778 re
615 3725 669 3778 iam
693 3728 795 3778 eertum
820 3725 1041 3794 exploratumque
1066 3728 1107 3778 est
1135 3727 1259 3793 excerpta
1282 3725 1336 3778 illa

186 3814 220 3868 ad
239 3814 359 3869 codicem
378 3814 471 3868 classis
489 3812 516 3866 N
534 3813 622 3866 redire
642 3817 723 3883 atque
743 3814 899 3883 plerumque
919 3831 977 3868 curn
997 3815 1101 3868 familia
1114 3814 1149 3866 N‘
1169 3815 1334 3877 consentire,

186 3902 283 3956 deinde
303 3905 484 3971 excerptorem
503 3903 661 3971 saepissime
681 3905 708 3954 et
728 3903 834 3956 omissis
854 3903 1016 3972 quibusdam
1035 3906 1063 3957 et
1083 3902 1183 3957 additis
1204 3904 1231 3956 et
1245 3903 1334 3957 licen·

184 3991 239 4045 tius
257 3991 408 4044 immutatis
427 3991 563 4044 Ambrosii
581 3992 730 4044 orationem
745 3991 947 4055 deformauisse‚
963 3992 1078 4062 deniqne
1091 3991 1217 4045 librarios
1236 3992 1336 4060 negle-

186 4082 280 4148 genter
299 4079 366 4132 satis
386 4078 475 4132 officio
494 4096 542 4132 suo
562 4079 669 4140 functos
688 4079 791 4133 incuria
810 4098 859 4134 666
873 4081 942 4134 61616
956 4081 1095 4134 illanouis
1110 4080 1195 4134 1116616
1215 4081 1334 4138 auxisse.

184 4168 254 4221 nihil
278 4167 363 4236 igitur
388 4167 459 4236 quod
483 4168 592 4222 adrem
616 4169 736 4223 criticam
760 4169 931 4223 tractandam
950 4171 1010 4224 usui
1029 4170 1066 4223 sit
1084 4187 1115 4223 ex
1133 4170 1176 4222 his
1196 4171 1335 4239 excerptis

184 4255 326 4310 redundat.
345 4257 564 4326 frequentissime
584 4274 649 4329 opus
669 4259 741 4326 qnod
759 4258 788 4312 in
807 4258 944 4313 codicibus
962 4259 1118 4312 inscribitur
1138 4258 1228 4312 ‘Liber
1247 4275 1336 4328 quae·
