2858 4824
161 305 225 370 570
633 302 831 357 Ambrosii

161 500 206 565 ita
244 499 374 566 inflexus
407 502 447 565 ad
480 502 616 584 culpam,
650 504 686 565 ut
719 500 894 584 demigrare
926 520 987 565 non
1020 504 1138 583 posset.
1173 500 1308 583 denique

163 611 300 672 mentem
329 627 419 672 suam
448 608 486 672 ab
515 609 571 672 ille
597 608 719 673 lubrica
746 607 949 691 possessione
977 607 1118 672 defendit
1146 609 1178 672 et
1210 611 1310 673 trans-

162 715 249 779 tulit.

96 830 160 912 3‚8
208 823 585 904 Etperambulauit
607 823 712 904 inquit
734 822 931 886 Abraham
955 822 1155 903 usquead
1178 823 1311 886 locum
1369 830 1390 884 1)

165 929 334 1011 Sychem
364 928 409 993 ad
433 948 624 1010 quercum
649 929 784 992 altam.
808 948 908 993 nonne
931 927 1081 993 uidentur
1102 927 1180 992 haec
1205 948 1313 1011 super·
1343 948 1354 987 5

163 1036 237 1110 flua,
268 1037 330 1100 nisi
358 1037 511 1100 rationem
535 1036 687 1118 requiras,
712 1056 784 1100 curn
809 1039 841 1100 et
864 1036 1067 1100 altitudinem
1092 1055 1227 1118 quercus
1251 1055 1312 1100 non

164 1142 431 1225 praetermiserit?
461 1143 516 1207 sed
544 1143 600 1206 ubi
627 1143 707 1207 ratio
737 1145 795 1220 est,
824 1143 904 1207 nihil
937 1141 1143 1223 superfluum.
1177 1142 1314 1226 Sychem

165 1250 249 1313 enim
277 1250 331 1314 uel
360 1270 488 1314 umerus
516 1251 569 1314 uel
598 1250 703 1314 ceruix
727 1249 933 1333 significatur,
958 1249 1044 1330 quod
1068 1251 1116 1313 est
1139 1248 1257 1312 laboris
1282 1251 1314 1312 et

165 1356 398 1421 exercitationis
421 1357 585 1421 indicium.
609 1358 690 1421 unde
716 1360 747 1421 et
769 1357 863 1421 Iacob
888 1355 938 1419 uir
957 1355 1146 1420 exercitatus
1169 1355 1314 1420 filiosuo

165 1464 279 1545 loseph
313 1483 382 1527 eam
416 1464 618 1545 praecipuam
651 1463 749 1527 dedit.
782 1482 856 1546 ergo
890 1463 964 1545 quia
995 1481 1096 1544 neque
1135 1462 1202 1526 sine
1240 1462 1314 1527 dote
1333 1470 1399 1524 101⁴}

165 1575 295 1634 naturae
330 1571 510 1635 exercitatio
543 1572 614 1653 ipsa
640 1590 696 1652 per
724 1589 757 1634 se
785 1570 1010 1653 perfectionem
1040 1569 1180 1634 conferre
1207 1571 1316 1650 potest

167 1679 199 1742 et
222 1680 352 1741 naturae
377 1678 478 1761 gratia
502 1676 698 1754 destituitur,
723 1678 751 1741 si
776 1677 859 1741 desit
882 1675 1063 1741 exercitatio
1087 1713 1130 1722 —
1154 1678 1204 1740 est
1232 1675 1315 1739 enim

166 1784 324 1868 ingeniosi
348 1783 575 1847 adminiculum
599 1783 765 1866 diligentia
779 1821 832 1860 —‚
848 1783 1010 1847 inducitur
1032 1782 1060 1846 is
1084 1783 1143 1860 uir,
1164 1782 1315 1846 adonius

167 1879 375 1956 imitationem
390 1890 545 1968 formaris,
561 1891 600 1954 ad
619 1893 749 1954 naturae
768 1890 903 1974 gratiam
922 1889 1070 1954 adiuncta
1093 1889 1316 1954 exercitatione

169 1998 213 2060 ita
240 1996 401 2060 fundatior
424 2001 456 2060 et
479 1997 631 2062 excelsior
653 1997 767 2073 factus,
793 1999 954 2078 utusque
980 1996 1017 2060 ad
1043 2014 1194 2077 quercum
1217 1996 1316 2060 altam
1335 2015 1361 2055 15

168 2103 380 2185 pertransiret.
414 2123 493 2185 quae
523 2103 613 2167 arbor
636 2105 673 2166 ut
696 2105 760 2167 alta
782 2105 827 2167 ita
851 2104 948 2168 etiarn
970 2104 1103 2168 robusta
1125 2103 1243 2167 indicio
1268 2105 1318 2167 est

167 2230 228 2275 non
261 2209 354 2273 facile
387 2209 525 2272 animam
561 2210 663 2274 sancti
699 2210 843 2274 Abrahae
880 2210 1001 2275 saeculi
1033 2210 1130 2275 huius
1166 2209 1317 2292 procellis

169 2336 238 2382 esse
263 2317 436 2394 carnatem,
466 2316 521 2380 sed
549 2317 704 2381 mansisse
733 2318 915 2396 sublimem,
943 2320 980 2381 ut
1009 2337 1042 2382 se
1071 2316 1244 2381 aterrenis
1272 2317 1318 2379 in·
1384 2323 1408 2378 Ρ

169 2423 395 2507 quisitionihus
438 2422 477 2486 ad
518 2423 719 2487 altitudinem
762 2424 887 2488 diuinae
930 2423 1120 2508 cognitionis
1168 2424 1317 2488 eleuaret.

125 2531 304 2612 ndenique
349 2529 498 2594 continuo
546 2529 692 2612 apparuit
736 2530 784 2593 illi
830 2531 919 2597 deus.
965 2550 1122 2613 nusquam
1170 2529 1318 2611 superius
1337 2549 1365 2589 20

169 2638 267 2702 habes
293 2637 377 2719 quod
400 2635 491 2699 uisus
516 2638 601 2700 esset
623 2636 672 2700 illi
700 2637 789 2701 deus.
822 2636 906 2702 unde
934 2638 1036 2720 liquet
1060 2657 1095 2702 eo
1120 2638 1320 2701 referendum

171 2745 255 2828 qnia,
281 2743 431 2825 quamdiu
457 2742 634 2808 Chaldaeus
658 2743 729 2821 fuit,
753 2744 814 2808 hoc
838 2748 889 2808 est
911 2764 972 2809 non
997 2744 1101 2810 solum
1124 2744 1156 2808 in
1178 2743 1320 2828 regione,

173 2853 227 2917 sed
252 2852 346 2915 etiam
371 2851 402 2914 in
428 2851 573 2932 opinione
598 2851 838 2929 Chaldaeorum,
861 2871 922 2915 non
943 2855 1068 2935 poterat
1086 2850 1181 2915 deum
1199 2850 1320 2941 uidere,

173 2979 267 3042 quem
304 2957 387 3021 intra
428 2957 582 3021 mundum
625 2957 804 3039 quaerebat.
847 2958 996 3025 Chaldaei
1038 2958 1120 3022 enim
1166 2958 1319 3021 mnndum

263 3309 280 3361 4
301 3306 368 3363 Gen.
385 3308 427 3369 12,
443 3310 458 3362 6
513 3308 530 3361 8
548 3306 628 3361 Philo
649 3306 681 3360 de
696 3306 773 3375 migr.
789 3306 853 3360 Abi.
868 3306 903 3360 39
919 3306 991 3371 (471,
1006 3305 1053 3376 28)
1107 3307 1123 3360 9
1144 3305 1212 3363 Gen.
1226 3307 1270 3369 48,
1285 3308 1319 3361 22

175 3398 208 3451 15
229 3396 306 3449 Philo
326 3396 359 3449 de
378 3396 456 3464 migr.
476 3394 539 3449 Abr.
560 3395 594 3448 39
615 3396 686 3460 (471,
704 3395 749 3459 40)
841 3394 876 3448 20
897 3393 964 3448 Gen.
985 3396 1028 3461 12,
1047 3396 1075 3459 7;
1096 3393 1129 3448 cf.
1148 3395 1228 3449 Philo
1248 3395 1319 3464 quod

176 3485 230 3538 det.
250 3488 306 3554 pot.
325 3485 376 3538 ins.
395 3485 430 3538 44
452 3485 524 3550 (221,
544 3484 591 3547 39;
611 3482 704 3547 1294,
725 3485 758 3537 12
780 3483 821 3552 0.)
885 3485 920 3537 24
938 3484 1017 3537 Philo
1039 3484 1098 3553 quis
1117 3500 1168 3538 rer.
1189 3483 1244 3540 din.
1264 3484 1320 3541 her.

174 3574 210 3627 20
229 3574 300 3639 (486,
320 3574 365 3642 22)
386 3571 497 3638 Quaest.
516 3572 560 3625 III
579 3573 592 3625 1

212 3788 227 3840 5
247 3785 356 3855 sychem
374 3785 402 3838 B
420 3801 509 3854 sycem
532 3785 557 3837 Τ
574 3785 691 3839 sicchem
710 3785 740 3838 D
759 3784 860 3838 sichem
879 3785 907 3838 P
925 3784 953 3849 (h
972 3802 993 3840 s.
1012 3802 1039 3838 u.
1059 3788 1116 3849 m3)
1135 3791 1183 3840 oct.
1255 3784 1322 3837 haec

175 3874 274 3943 scripsi
292 3873 405 3927 ethaeo
426 3872 451 3925 T
468 3874 490 3928 da
509 3875 585 3926 Pm1
604 3890 663 3927 esse
681 3874 763 3926 Pnc2
781 3879 827 3929 cet.
920 3875 934 3926 7
961 3874 1069 3942 sychem
1087 3873 1141 3927 ΒΟ
1157 3874 1275 3927 sicchem
1293 3873 1323 3926 D

178 3964 278 4017 sichem
298 3969 345 4020 cet.
400 3963 417 4016 8
437 3979 544 4017 umerus
567 3963 592 4016 Τ
608 3964 708 4016 umeris
726 3963 803 4016 Pmr
821 3962 949 4016 humerus
967 3963 1050 4016 Pena
1068 3969 1115 4016 cet.
1182 3962 1215 4016 10
1233 3962 1322 4031 iosep‚

177 4053 205 4104 P
221 4052 246 4121 (o
267 4067 345 4116 eros„
364 4052 383 4104 h
401 4069 423 4106 s.
443 4070 458 4105 o
477 4055 533 4120 oe2)
553 4052 627 4122 iosep
644 4052 682 4104 M
734 4051 852 4116 docteP
906 4052 937 4104 11
959 4051 1169 4106 exercitatioeP
1223 4052 1256 4105 12
1276 4049 1322 4104 de-

178 4142 305 4196 stituiT
347 4142 381 4195 14
399 4140 561 4203 formalisP
581 4144 605 4210 (r
622 4156 643 4193 s.
663 4141 673 4202 l
691 4141 748 4210 m2)
767 4139 880 4193 formale
898 4140 924 4192 T
970 4140 1003 4194 18
1022 4139 1155 4194 sublimen
1178 4139 1230 4194 ΤΟ
1281 4139 1322 4192 in-

179 4231 338 4300 quisitionib
345 4252 352 4297 3
371 4231 399 4283 P
418 4232 451 4299 (ti
469 4247 489 4284 a.
509 4247 537 4284 o.
557 4235 582 4284 et
599 4230 630 4294 b;
650 4245 684 4283 ex
702 4246 714 4282 s
733 4232 790 4294 m2)
