2858 4824
97 333 202 397 XXVI
561 332 779 385 Praefatio.

96 527 203 612 Pelag.
228 529 292 592 ΗΠ
317 529 368 605 11,
394 528 446 606 29,
472 531 580 592 contra
603 527 664 594 Iul.
689 527 794 611 Peiag.
814 527 895 606 112,
916 528 946 604 4,
968 528 1076 591 contra
1099 544 1162 590 sec.
1183 527 1243 590 111.

97 635 295 717 respitii.

141 741 316 807 Ueniamus
345 740 385 804 ad
415 739 494 805 duos
526 740 570 804 de
596 739 794 804 Abraham
826 739 935 816 libros,
965 759 1109 822 quorum,
1135 759 1244 822 quam-

98 867 192 929 quam
221 847 358 912 maximo
387 847 468 911 inter
497 866 530 911 se
558 846 687 911 uinculo
717 847 876 911 coniuncti
904 849 989 925 suut,
1016 850 1122 910 tamen
1150 847 1245 928 longe

98 952 224 1018 diuersa
253 957 302 1016 est
329 951 420 1018 ratio.
446 953 564 1016 etenim
591 951 695 1034 priore
718 952 906 1016 Ambrosius
936 952 1182 1026 catechumenis,
1208 952 1246 1016 ad

97 1079 231 1143 quorum
264 1079 359 1123 usum
391 1058 449 1124 hos
483 1077 643 1124 sermones
677 1058 866 1143 composuit,
894 1058 1054 1123 Abraham
1081 1061 1247 1142 tamquam

96 1165 229 1249 perfecti
261 1165 413 1248 sapientis
448 1165 658 1248 omnibusque
691 1165 866 1230 uirtutibus
898 1166 1034 1248 praediti
1066 1167 1247 1248 exemplum

96 1272 252 1357 proponit.
287 1291 348 1355 qua
381 1272 419 1335 de
451 1291 484 1336 re
516 1271 667 1353 inspicias
702 1271 875 1336 sectionem
908 1273 1049 1349 alteram,
1080 1291 1141 1354 quo
1173 1273 1245 1337 ioco

98 1378 258 1445 Ciceronis
283 1376 335 1462 (ad
361 1376 515 1457 Quintum
539 1379 668 1443 fratrem
687 1379 702 1441 Ι
723 1379 752 1456 1,
773 1378 803 1456 8,
824 1376 881 1465 23)
904 1378 1011 1443 uerbis
1036 1398 1114 1442 usus
1137 1378 1247 1442 lauda-

96 1488 216 1551 tionem
245 1505 337 1550 suam
366 1503 438 1549 cum
463 1504 499 1549 ea
523 1487 695 1567 comparat,
720 1504 783 1567 qua
805 1484 980 1566 Xenophon
1003 1485 1035 1550 in
1061 1485 1248 1568 0111111111-

96 1593 220 1658 tutione
238 1593 335 1657 huius
354 1591 439 1675 regis
459 1591 626 1656 historiam
646 1594 854 1656 enarrauerat.
880 1591 935 1656 sed
953 1592 1045 1656 ilium
1063 1591 1148 1675 regis
1166 1592 1248 1656 iusti

97 1705 129 1764 et
153 1699 305 1783 sapientis
328 1698 500 1782 imaginem
525 1698 700 1762 secundum
723 1697 944 1781 philosophiae
967 1702 1134 1780 praecepta
1151 1699 1248 1763 infor-

97 1806 238 1870 mauisse
267 1805 354 1884 dicit,
380 1822 412 1868 se
442 1808 547 1868 autem
577 1823 689 1868 nerum
714 1805 776 1868 uiri
800 1805 951 1888 sapientis
977 1805 1097 1886 deoque
1120 1805 1247 1886 probati

98 1913 276 1995 exemplum
300 1911 475 1977 secundum
499 1910 674 1993 scripturae
694 1930 800 1975 sacrae
818 1910 914 1976 fidem
934 1912 1146 1976 exhibiturum
1166 1931 1246 1977 esse.

97 2018 195 2082 altero
225 2021 332 2082 autern
362 2017 443 2081 libro
468 2015 647 2096 continetur
670 2017 811 2099 capitum
836 2016 968 2082 Genesis
994 2019 1125 2082 12-18
1149 2016 1246 2081 inter-

96 2124 231 2206 pretatio
262 2123 430 2188 sublimior
456 2123 488 2186 in
516 2142 612 2187 usum
641 2123 892 2188 Christianorum
920 2124 1127 2207 prouectioris
1153 2124 1247 2189 disci-

99 2231 201 2312 plinae
231 2231 397 2296 destinata.
430 2229 539 2313 itaque
570 2249 731 2295 sermones
758 2231 832 2294 iibri
855 2231 979 2314 prioris,
1003 2234 1040 2295 ut
1062 2232 1107 2295 ita
1131 2231 1245 2309 dicam,

96 2337 185 2417 λόγον
210 2336 381 2420 ἐξωτερικόν
408 2337 673 2420 complectuntur,
697 2336 828 2401 alterius
852 2356 927 2402 uero
953 2357 1111 2402 sermones
1140 2339 1246 2400 ἐσωτε-

98 2446 189 2527 ρικὸν,
214 2442 267 2507 uel
290 2447 327 2505 ut
349 2441 418 2524 ipse
443 2443 489 2507 111
512 2444 527 2506 Ι
553 2444 619 2522 1,1
648 2445 679 2506 11
702 2444 734 2507 H
759 2443 916 2521 1,],1111
940 2443 1091 2507 moralem
1115 2446 1147 2506 et
1171 2444 1245 2506 sim-

95 2550 212 2632 plicem
231 2553 402 2615 tractatum
423 2550 571 2626 continet,
586 2549 638 2614 hio
659 2550 833 2615 doctrinam
852 2549 994 2615 altiorem
1016 2552 1047 2614 et
1065 2550 1244 2632 mysticam,

97 2657 137 2721 ad
166 2676 262 2739 quam
288 2657 351 2721 nisi
379 2656 513 2720 initiatis
544 2656 650 2721 aditus
674 2676 735 2721 non
758 2659 876 2738 pateat.
914 2677 985 2721 cum
1010 2656 1110 2740 igitur
1131 2657 1164 2720 in
1188 2658 1244 2721 illo

96 2764 262 2852 historiam
295 2763 440 2828 Abrahae
474 2763 514 2827 ad
547 2763 723 2846 scripturae
757 2762 883 2827 diuinae
921 2763 1016 2828 fidem
1053 2764 1245 2847 exposuerit,

96 2871 188 2936 facile
211 2870 375 2954 colligitur
392 2889 452 2934 non
473 2870 574 2933 multa
594 2889 665 2933 eum
687 2889 722 2933 11
742 2869 813 2933 aliis
833 2870 974 2936 fontibus
993 2870 1135 2952 petiisse.
1159 2889 1244 2934 sum·

96 2978 162 3059 psit
179 2979 285 3041 tamen
308 2977 461 3059 quaedam
481 2996 516 3040 ex
536 2975 677 3041 Philonis
696 2976 786 3040 libris
807 2977 844 3040 de
864 2977 1053 3060 migratione
1067 2976 1213 3042 Abrahae
1224 2978 1245 3063 ¹)

98 3088 130 3148 et
163 3085 200 3148 de
233 3083 366 3148 mutatis
400 3082 598 3165 quorundam
630 3082 856 3165 nominibus,2)
885 3103 920 3148 11
947 3084 1055 3166 legum
1085 3103 1244 3149 sacrarum

97 3189 299 3274 allegoriis,³)
314 3192 474 3273 praeterea
494 3192 642 3270 quartum
659 3186 887 3268 Quaestionum
906 3190 937 3252 in
959 3189 1107 3255 Genesim
1126 3190 1244 3255 librom

98 3317 170 3362 eum
193 3296 245 3361 hic
268 3296 336 3360 illic
354 3296 532 3377 respexisse
552 3316 570 3359 a
588 3314 663 3360 uero
683 3315 744 3360 non
764 3295 950 3380 1111111114)
975 3315 1011 3360 ex
1031 3297 1243 3380 gnomologia

96 3405 128 3468 in
161 3424 223 3487 qua
251 3407 373 3486 septem
402 3402 583 3486 sapientum
611 3402 696 3466 dicta
724 3406 866 3466 enarrata
899 3405 996 3481 erant,
1024 3403 1133 3467 hausit
1164 3403 1244 3468 iliud

96 3506 169 3573 11111
196 3512 262 3592 θεῷ
290 3506 380 3593 (503,
407 3512 458 3587 15,
484 3509 523 3573 11.
548 3510 624 3588 567,
651 3508 716 3595 15),
742 3509 826 3590 quod
855 3509 939 3593 apud
964 3508 1137 3573 Stobaeum
1159 3509 1243 3575 Flor.

95 3619 143 3681 ΠΙ
166 3620 208 3683 80
233 3618 260 3699 (Ι
285 3618 348 3681 173
372 3613 431 3702 Η.)
459 3616 490 3680 in
516 3616 629 3698 capite,
659 3616 743 3699 quod
771 3613 926 3679 haereres
954 3626 1012 3679 τῶν
1045 3613 1118 3679 ἑπτὰ
1141 3625 1243 3703 σοφῶν

97 3717 466 3808 111111111111111111,
490 3723 628 3806 primum
651 3725 758 3788 locum
782 3723 914 3789 obtinet.
938 3741 1051 3787 uersus
1070 3722 1244 3786 Androma-

142 3894 161 3963 1)
182 3895 214 3948 11.
235 3897 296 3963 504,
317 3898 363 3962 19;
382 3897 443 3962 505,
463 3899 491 3962 5;
513 3898 575 3962 512,
597 3898 642 3961 13,
664 3898 724 3961 535,
743 3898 787 3950 23.

141 3982 163 4050 ²)
184 3984 217 4038 11.
237 3986 298 4052 522,
319 3988 333 4039 7
354 4003 408 4055 sq.;
429 3987 490 4049 526,
510 3989 534 4040 5.

142 4071 163 4140 3)
183 4072 217 4128 cf.
237 4074 298 4137 514,
320 4076 346 4139 1;
367 4075 428 4142 522,
449 4077 478 4138 7;
499 4075 560 4142 534,
580 4075 609 4140 2;
630 4076 690 4138 541,
710 4075 759 4140 23;
780 4073 840 4137 558,
860 4075 907 4138 20;
928 4075 989 4138 559,
1011 4078 1033 4128 1.

141 4161 213 4230 4)11.
234 4164 296 4229 521,
317 4163 362 4228 12;
383 4164 443 4227 539,
464 4165 494 4227 5;
515 4164 577 4226 542,
591 4165 621 4227 4;
642 4165 703 4226 555,
718 4166 747 4227 43
768 4166 886 4216 ceterum
901 4181 964 4216 num
980 4167 1075 4232 quarto
1091 4162 1160 4215 libro
1179 4180 1242 4216 usus

96 4250 133 4303 sit
152 4252 308 4305 Ambrosius
327 4269 387 4305 mox
407 4253 558 4306 accuratius
579 4251 772 4322 disputabitur.
